2792 4576
161 504 164 509 ⁸
202 421 278 494 mm
302 377 405 481 sorcin
428 420 559 477 annea
583 417 678 476 aaa
701 416 815 496 aorem
838 417 933 492 prmo
957 417 1046 480 arm
1063 421 1188 499 paona,

201 512 276 571 otei
299 511 407 587 scripta
431 511 491 585 cst,
517 510 579 566 tota
604 509 712 582 sylloge
737 507 873 580 evulgari.
917 507 1009 584 quue
1032 526 1134 570 revera
1152 529 1189 572 co
1265 571 1269 578 ,

151 804 164 820 ·
200 803 238 856 uis
255 806 281 852 et
295 800 444 852 Maecenatis
466 801 532 852 sotus
552 813 637 863 agrum
653 812 723 862 qoem
739 799 853 851 amiserat
869 799 978 864 recipere
993 800 1088 854 memit.
1120 799 1190 854 'rone

201 870 363 932 eiproposuit
379 869 468 929 Poiiic,
484 871 512 916 nt
527 879 638 917 carmen
654 867 811 916 Bucolicum
828 866 960 926 scriberet,
980 867 1045 930 qnod
1060 881 1115 917 cnm
1130 882 1191 918 cen.

199 939 249 986 stat
269 937 383 987 munic
399 935 444 996 (ct.
465 933 550 984 Donat.
567 934 611 984 vit.
628 931 654 994 §.
670 932 724 996 96.)
746 932 874 996 scripsisse
896 937 933 982 et.
943 933 1109 991 mendara,
1129 935 1190 990 Iten

197 1003 323 1066 proposuit
348 1002 476 1051 Maecenas
499 1000 646 1065 Georgica,
674 1011 737 1062 quae
764 999 863 1062 scripsit
890 999 1071 1063 emendavitqnc
1091 1002 1190 1064 sepiem

198 1069 277 1118 canis
293 1067 338 1128 (ci.
353 1067 440 1118 Donat.
456 1068 500 1117 vit.
517 1066 542 1129 §.
559 1066 623 1129 ra).
657 1063 749 1113 Postea
769 1065 801 1114 ab
823 1064 931 1128 Augusto
953 1066 1083 1116 Aeneidem
1098 1081 1189 1131 propo·

198 1135 271 1184 sitam
286 1134 384 1197 scripsit
399 1135 477 1196 canis
491 1133 613 1183 undecim
618 1148 630 1192 ,·
646 1131 689 1180 scd
705 1145 752 1180 nec
768 1131 918 1192 emendavit,
934 1146 980 1183 nec
991 1131 1089 1182 edidit”
1121 1134 1189 1187 Quas

198 1201 343 1262 computatio
365 1201 491 1251 verissima
513 1204 559 1248 est.
598 1197 652 1246 Nec
674 1201 727 1246 erat
754 1197 818 1260 qnod
839 1198 949 1261 Heynins
970 1197 1028 1260 (vit.
1050 1199 1117 1262 virg.
1132 1213 1188 1254 ano»

196 1267 269 1329 795.)
286 1279 339 1314 eam
361 1267 425 1316 inter
447 1269 580 1315 commenta
601 1264 815 1313 Grammaticorum
836 1266 948 1314 referret.
987 1263 1108 1329 Georgica
1129 1281 1188 1316 cou-

197 1333 262 1384 iects
277 1337 333 1381 sunt
349 1334 380 1381 ab
397 1347 459 1382 anno
475 1347 500 1381 ιι.
518 1347 539 1382 c.
551 1331 609 1382 718.
626 1345 703 1393 usque
719 1330 752 1379 ad
767 1344 825 1380 aon.
842 1331 899 1380 775.
934 1330 996 1380 Tum
1012 1332 1112 1382 Aeneidi
1129 1346 1188 1384 cen-

196 1396 322 1458 iiciendne,
339 1399 371 1448 de
387 1414 434 1461 qua
446 1401 497 1461 jam
514 1399 637 1461 cogitabat
650 1411 703 1445 cum
714 1396 835 1459 Georgica
846 1398 964 1446 scriberet
974 1398 1078 1461 (Georg.
1090 1399 1114 1457 9,
1126 1398 1188 1463 ia),

196 1478 294 1528 operam
316 1464 397 1525 dedit,
418 1466 605 1527 insumpsitque,
622 1462 643 1512 si
660 1475 723 1514 anno
740 1461 797 1512 791.
813 1463 916 1527 incepit,
938 1475 1015 1512 annos
1030 1465 1140 1516 undecim
1154 1463 1189 1514 ad

194 1535 400 1594 morienturque,
416 1545 479 1595 quae
494 1532 579 1580 incidit
594 1531 620 1579 in
636 1542 691 1579 ann.
708 1544 733 1579 u.
750 1544 771 1578 c.
788 1530 845 1579 795.
857 1554 892 1566 -
922 1527 960 1579 De
971 1529 1108 1593 Georgicon
1124 1534 1188 1580 tens·

193 1599 292 1661 poribus
313 1598 391 1648 fusius
412 1612 537 1662 exponam.
574 1597 675 1646 Librum
691 1597 712 1644 1.
728 1596 779 1645 dixi
795 1610 858 1645 suno
875 1595 933 1647 719.
949 1596 982 1645 ad
1004 1595 1076 1646 inem
1096 1597 1187 1660 pcrdu·
1272 1611 1279 1620 ·

194 1667 258 1744 otum
281 1667 307 1714 et
328 1666 465 1728 evulgatum
486 1679 550 1714 esse.
586 1662 649 1713 Vide
665 1662 723 1712 mihi
739 1676 771 1711 ne
792 1663 873 1712 omnia
893 1662 984 1716 indicia
998 1661 1046 1713 huc
1062 1663 1187 1728 quadrus.

191 1727 257 1785 mm
271 1745 295 1782 v·
311 1731 427 1860 8⁴i'guque
442 1795 518 1855 asico,
535 1809 606 1856 quern
621 1807 677 1843 mex
695 1807 758 1854 quus
774 1795 824 1845 sint
841 1793 953 1846 habitura
969 1794 1068 1848 dscmrn

339 1863 458 1922 Concide,
474 1863 593 1910 incertum
611 1862 650 1906 est
667 1861 730 1906 caet

194 1932 218 1976 a
233 1943 257 1978 γ’
275 1926 308 1978 ω
324 1943 377 2040 ⁸(llus
393 1991 488 2039 facilem
505 2002 614 2050 mrsum,
630 1993 706 2052 atque
721 1987 854 2040 audacibus
869 1989 950 2044 adnue
966 1993 1066 2055 coeptis,

338 2059 487 2120 ignarosque
502 2057 559 2106 viae
574 2071 667 2105 mecum
682 2056 812 2106 miseratus
828 2061 939 2120 agrestes

337 2123 480 2186 Ingredere,
498 2126 523 2172 et
538 2123 603 2173 votis
615 2123 667 2184 jam
683 2136 747 2172 nuuc
762 2122 880 2174 adsuesce
896 2123 988 2174 vocari.

190 2187 287 2243 Etenim
309 2189 472 2248 Octavianus,
495 2189 528 2237 ad
549 2203 620 2252 quem
642 2189 704 2238 haee
724 2191 859 2253 pertinent,
882 2192 945 2238 eund
962 2202 986 2238 n.
1003 2203 1024 2239 c.
1041 2188 1099 2240 719.
1121 2191 1186 2240 tuter

191 2257 250 2306 decr
272 2259 390 2306 tutelares
406 2271 423 2308 a
444 2256 585 2306 civitatibus
601 2256 648 2305 ccii
664 2258 757 2318 coepit,
775 2260 840 2306 teste
855 2255 964 2319 Appiano
980 2257 1004 2306 b.
1022 2256 1068 2310 civ,
1086 2257 1110 2317 5,
1126 2255 1185 2306 197.

191 2315 258 2402 (καὶ
275 2314 310 2394 ἦν
323 2321 339 2380 ὁ
353 2321 471 2400 Καΐςαρ
485 2316 560 2379 ἐτῶν
578 2315 608 2391 ἒς
620 2319 688 2378 τότε
704 2317 784 2380 ιὀκτώ
803 2323 853 2379 aori
863 2320 964 2379 εἴκοσι.
977 2323 1027 2378 καὶ
1044 2315 1135 2378 αὐτὸν
1152 2317 1185 2379 at

190 2395 292 2465 πόλεις
311 2397 373 2466 τοῖς
391 2399 544 2473 σφετέροις
560 2393 647 2464 θεοῖς
666 2390 856 2476 decicimas).
889 2404 924 2453 Et
946 2404 1009 2453 betto
1031 2403 1112 2454 siculo
1129 2403 1184 2455 ieli-

192 2469 252 2520 rttcr
267 2471 407 2536 profligato,
426 2472 490 2532 quod
506 2472 614 2532 respexit
629 2470 696 2533 Virg.
713 2486 737 2521 r.
755 2471 810 2521 98.;

338 2537 376 2584 An
393 2537 456 2585 derra
471 2537 591 2583 maserei
605 2538 696 2584 veatae
711 2539 799 2587 maris
814 2551 844 2586 ac
859 2541 902 2585 tua
918 2541 1007 2587 naume

338 2600 444 2649 Numina
460 2600 512 2647 iscla
528 2599 621 2658 colant,
637 2599 682 2646 tibi
698 2602 790 2650 serviat
805 2604 889 2652 ultima
905 2599 983 2655 mule
1000 2608 1076 2665 caet,

190 2665 301 2737 permulti
318 2664 420 2724 bonores
437 2666 483 2729 ipsi
500 2665 592 2714 decreti
608 2668 664 2712 sunt
680 2665 738 2725 (Dio
755 2665 800 2726 19,
823 2666 856 2716 15
871 2670 929 2732 ibiq.
945 2669 1046 2736 interpr.
1062 2669 1101 2721 ed.
1117 2669 1183 2722 stra

189 2734 238 2782 vol.
255 2731 285 2782 V.
300 2746 325 2795 p.
343 2732 424 2797 588),
441 2733 554 2795 perennis
571 2731 714 2794 supplicatio
737 2746 768 2781 ea
783 2731 823 2785 die
845 2749 893 2797 qua
910 2736 1011 2787 vicisset
1026 2737 1181 2798 instituenda,

189 2804 240 2848 tum
260 2802 289 2847 ot
308 2813 404 2864 semper
425 2811 529 2850 corona
551 2799 646 2848 laureo
667 2802 797 2852 uteretur..
823 2800 887 2852 Hinc
907 2802 1026 2868 vigris
1046 2818 1071 2858 ι.
1090 2803 1182 2858 95118

205 2865 307 2916 errexit:
515 2885 528 2898 ·

187 2879 204 2934 p
433 2955 468 2967 -
486 2934 511 2979 et
527 2933 552 2978 te
568 2929 685 2979 maximus
701 2931 766 2980 orbis

293 3006 298 3012 ·
336 2997 464 3046 Auctorem
480 2997 574 3058 frugum
589 2999 806 3059 tempestatumque
821 3002 945 3061 potentem

337 3063 460 3126 Accipiat,
477 3064 576 3125 cingens
592 3065 718 3112 materna
734 3069 844 3126 tempora
859 3067 956 3126 myrto·

188 3132 216 3180 in
233 3131 270 3179 iris
286 3134 344 3193 apte
360 3132 435 3180 verba
450 3132 684 3192 „tempestatumque
700 3131 838 3192 potentem'
854 3131 959 3178 traxeris
975 3129 1007 3182 ad
1022 3131 1179 3195 nantogiunr,

190 3211 236 3260 quo
254 3196 382 3244 Octaviani
400 3197 484 3244 classis
501 3195 533 3244 ad
549 3195 687 3244 Palinurum
703 3194 888 3257 promontorium
904 3210 962 3247 vere
977 3211 1032 3246 ann.
1048 3211 1073 3247 ιι.
1083 3213 1105 3248 c.
1121 3199 1179 3249 718.

188 3263 326 3328 periclitata
342 3266 380 3311 est
395 3261 458 3324 (Dio
475 3260 517 3324 19,
533 3262 557 3312 1.
574 3260 659 3322 veuej.
676 3260 700 3320 2,
718 3259 758 3309 79.
774 3260 876 3324 Appiam.
893 3261 918 3311 b.
936 3277 956 3311 c.
974 3266 997 3325 5,
1016 3263 1082 3328 98),
1099 3265 1135 3314 ite
1151 3267 1179 3314 ut

188 3333 261 3392 poete
282 3329 370 3378 betium
391 3328 494 3378 adversa
515 3329 613 3377 fortuna
632 3327 768 3376 inchoatum
789 3328 820 3375 ab
836 3327 971 3379 Octaviano
992 3334 1104 3396 tauquam
1119 3344 1177 3394 prc-

189 3397 300 3446 ceiiarum
321 3397 467 3458 mariumque
488 3397 589 3457 potente
610 3407 726 3457 prospere
747 3392 779 3442 ad
800 3392 872 3444 tinem
893 3395 1033 3460 perductum
1054 3395 1177 3461 signitica—

189 3463 258 3512 rerit.
292 3462 403 3514 Certiora
418 3461 507 3509 indicia
523 3463 640 3524 praebent
655 3474 679 3509 v.
695 3459 745 3508 599
761 3474 809 3522 sq.:

335 3528 406 3576 Hunc
421 3528 505 3576 saltem
521 3540 607 3577 caereo
618 3528 732 3588 juvenem
747 3539 886 3576 succurrere
901 3529 981 3578 saeeic

336 3593 377 3643 Ne
392 3591 529 3656 prohibete!
562 3593 629 3646 Satis
641 3593 692 3655 jam
708 3593 799 3655 pridem
815 3595 931 3658 sanguiue
946 3597 1028 3645 nostm

337 3660 533 3709 Laomedonteae
549 3659 634 3707 luimus
648 3659 756 3722 'perjuria
771 3659 869 3721 Trojae.

337 3726 390 3780 Jam
406 3726 498 3788 pridem
514 3724 584 3778 uobis
601 3723 703 3774 coelite
719 3725 799 3786 regia,
815 3726 921 3786 Caesar,

335 3791 433 3844 inridet
447 3794 522 3870 atque
537 3790 657 3844 nominum
672 3792 780 3854 queritur
796 3804 881 3841 corsre
896 3789 1041 3858 triumphes.¹
