2792 4576
573 337 615 349 ...
654 299 699 368 ῃ
737 335 778 347 .-

182 468 267 526 sortis
285 465 487 524 aestimatione
505 463 767 540 iebeitatemjsitam
777 479 858 544 esse,
877 463 1058 538 expressisse
1067 475 1176 539 quem--

181 560 229 616 vis
252 559 387 618 breuiter.
432 556 486 615 Oui
513 557 694 629 conjecturae
722 555 912 631 qualicunque
936 557 970 611 ut
991 553 1167 632 indulgerem,

180 663 239 706 non
261 649 466 706 1111111111
489 663 604 723 quoque
627 650 818 705 versuumet
841 645 1050 704 sententiarum
1068 645 1169 702 simili·

180 739 252 797 tudo
276 734 328 822 (ci.
349 739 453 810 Georg.
473 739 501 816 2,
519 739 712 797 11111111.
734 755 759 796 v.
780 738 825 795 41.
851 739 956 808 Georg.
975 737 1039 794 513.
1059 738 1091 791 et
1108 737 1168 794 set

181 831 227 888 28.
246 833 352 901 Georg.
371 831 435 888 502.
457 829 493 886 de
512 829 636 890 diversis
648 828 797 887 hominum
810 823 930 909 studiis)
949 843 996 886 me
1008 829 1169 903 permovet,

182 935 267 996 quem
286 922 363 996 quod
382 921 458 978 huno
475 920 571 993 ipsum
587 921 684 978 iocum
700 921 800 980 rursus
819 919 948 976 imitabis
967 921 1013 975 est
1030 916 1170 978 Horatius

180 1014 212 1069 in
230 1013 316 1086 epod
335 1012 362 1068 2.
379 1013 604 1088 ,1111111101υ
622 1011 675 1069 sed
693 1015 753 1069 tam
771 1010 910 1081 singulari
927 1000 1029 1079 modo,
1049 1011 1083 1066 ut
1101 1023 1170 1066 con-

181 1105 277 1160 silium
302 1102 380 1175 quod
403 1102 537 1159 habuerit
558 1103 611 1159 vix
634 1104 722 1176 queat
745 1102 881 1176 perspici.
918 1101 1036 1159 Etenim
1060 1102 1170 1158 11111111
1233 1131 1235 1144 ·

181 1193 297 1268 quidem
317 1195 362 1248 est
379 1196 410 1250 et
427 1193 636 1270 indubitatum,
655 1193 834 1253 venusinum
851 1194 884 1250 in
902 1190 1081 1251 celebrandis
1091 1190 1171 1248 ritae

179 1283 304 1340 rusticae
331 1284 473 1341 laudibus
494 1285 635 1359 pressisse
663 1284 776 1356 Virgilii
809 1284 933 1355 vestigia
960 1279 1172 1362 (agnoverunt
1217 1334 1219 1342 ,

55 1397 58 1400 ·
175 1374 238 1445 jum
262 1375 355 1432 Sobel.
382 1377 417 1432 11.
443 1375 560 1433 Kirohm
586 1377 645 1434 Sat
669 1375 714 1433 ed.
732 1377 814 1434 'lom
833 1373 857 1430 1.
876 1391 905 1448 p.
925 1374 989 1432 200.
1010 1375 1120 1448 quaest
1140 1389 1170 1446 p.

146 1489 148 1492 ·
179 1466 224 1522 29.
244 1463 272 1542 §.
287 1461 372 1546 bb),
391 1465 514 1523 sedeas
533 1483 585 1524 eur
602 1467 676 1524 Alfio
694 1465 871 1523 foeneratori
887 1463 1032 1540 tribuerit,
1051 1467 1082 1519 et
1101 1462 1172 1536 quid

179 1556 275 1614 subita
305 1558 411 1613 mentis
447 1559 647 1621 immutatione
677 1547 762 1615 istius
793 1556 918 1615 hominis
949 1554 1007 1615 sibi
1036 1553 1171 1628 voluerit,

178 1649 267 1704 etiam
284 1661 361 1706 nunc
380 1648 499 1706 dubium
518 1654 571 1707 est.
609 1649 682 1708 Vide
707 1651 806 1706 autem
829 1665 917 1723 quam
941 1663 979 1704 ex
1001 1648 1102 1704 nostra
1125 1659 1172 1701 re·

177 1740 257 1796 tione
281 1741 378 1797 omnia
403 1741 462 1796 sint
487 1740 634 1815 explicatu
663 1739 769 1795 facilia.
816 1739 1009 1812 Expresserat
1032 1736 1171 1795 Horatius

166 1831 209 1903 *in
231 1823 296 1885 fine?
314 1831 425 1886 Satirae
451 1832 562 1902 primae
585 1827 654 1882 libri
677 1828 701 1881 1.
726 1827 838 1881 exitum
862 1829 1033 1896 Georgicon.
1078 1828 1172 1895 Quam

177 1918 314 1990 blandam
342 1918 556 1973 observantiam
585 1929 651 1970 cum
677 1913 816 1983 Virgilius
850 1916 978 1972 vicissim
1010 1917 1172 1974 imitatione

181 2008 413 2082 compensasset,
432 2006 481 2062 ille
494 2007 643 2080 praeclara
654 2003 847 2075 aemulatione
859 2005 971 2061 effinxit
982 2006 1172 2076 Virgilianum

178 2091 274 2157 locum
292 2099 323 2154 in
342 2088 433 2171 epod(
446 2095 490 2172 2.,
509 2100 608 2154 tamen
625 2099 659 2154 ut
670 2112 724 2171 pro
742 2096 919 2154 iestivo'suo
937 2095 1055 2166 ingenio
1074 2096 1172 2176 siugu-
1257 2079 1263 2094 ‘

176 2189 231 2251 1111
242 2188 378 2246 carminis
391 2188 599 2261 compositione
610 2187 748 2262 probaret
759 2186 896 2263 Virgilio,
915 2189 1034 2246 11111111
1050 2193 1175 2252 nosram
1251 2210 1256 2217 ·

178 2297 231 2338 sua
250 2281 328 2337 bona
346 2280 487 2356 homines,
501 2282 599 2336 tamen
611 2282 662 2337 e'os
674 2278 999 2353 insanaplurahabendi
1011 2278 1171 2354 cupiditate
1207 2267 1210 2274 ’

177 2371 408 2443 acognosccnda
418 2371 663 2446 percipiendaque
682 2371 820 2444 cujusque
840 2369 927 2426 sortis
945 2369 1084 2426 felicitate
1101 2369 1172 2428 reu-

49 2503 58 2510 ·
176 2464 249 2519 neri.
293 2463 384 2518 Altius
408 2462 457 2517 ille
480 2465 567 2518 norat
589 2462 708 2535 quidem
732 2462 810 2517 vitae
833 2461 961 2516 rusticae
987 2459 1170 2534 suavitatem,

177 2552 230 2608 sed
247 2552 320 2608 lucri
345 2549 444 2606 studio
467 2553 569 2622 captus
591 2565 648 2604 nec
672 2552 787 2622 poterat
809 2566 864 2606 nec
888 2548 1006 2606 volebat
1026 2565 1092 2605 eam
1109 2564 1170 2604 am·

176 2642 273 2716 piecti.
294 2667 333 2686 -·
369 2639 435 2705 Qua
452 2639 570 2696 amabili
587 2638 803 2696 Mercurialium
818 2632 945 2698 uirorum
957 2639 1171 2696 concertatione

177 2732 240 2790 tieri
257 2745 318 2789 nen
335 2733 453 2804 poterat
470 2730 543 2803 quin
561 2745 662 2786 eorum
686 2732 829 2806 fautores,
855 2747 978 2805 quorum
1000 2731 1033 2787 in
1056 2730 1174 2788 erudito

178 2839 316 2881 consessu
340 2823 476 2896 poemata
505 2821 717 2897 recitabantur,
746 2837 938 2901 summopere¹
960 2821 1171 2878 delectarentur

177 2918 208 2972 et
226 2919 288 2971 tum
307 2929 426 2970 suavem
444 2911 558 2982 Virgilii
576 2912 703 2968 animum
725 2914 788 2968 tum
809 2912 942 2969 callidam
959 2910 1074 2968 Horatii
1091 2912 1171 2968 iesti-

178 3007 299 3062 vitatem
317 3004 529 3061 admirarentur
548 3005 577 3059 et
595 3001 713 3076 plurimi
729 3004 867 3059 iacerent.
1196 2999 1201 3009 ‘

251 3098 401 3154 Postremo
419 3095 509 3151 altum
529 3093 690 3168 silentium,
715 3092 793 3170 quod
812 3092 848 3148 de
869 3093 992 3149 Caesare
1012 3091 1171 3152 Octaviano

178 3187 296 3261 ejusque
321 3186 409 3243 rebus
428 3185 517 3256 gestis
536 3173 569 3240 in
585 3185 660 3242 libro
678 3183 702 3240 L
722 3182 892 3240 Sermonum
909 3182 1004 3240 tenuit
1021 3183 1170 3260 Horatius,

60 3321 66 3328 «
177 3280 277 3335 neseio
297 3294 335 3334 au
353 3277 481 3346 omnium
500 3276 702 3347 gravissimum
715 3274 917 3331 documentum
935 3276 989 3351 111,
1008 3290 1066 3349 quo
1084 3273 1171 3346 hujus

179 3368 334 3442 voluminis
359 3366 569 3424 coniectionem
593 3370 623 3424 et
648 3366 805 3423 editionem
830 3364 905 3456 ultra
925 3381 992 3449 111.
1012 3383 1040 3422 1.
1061 3382 1086 3421 1.
1105 3365 1169 3422 120.

168 3464 309 3535 ¹prolerre
337 3461 476 3516 vetemur.
526 3460 592 3516 Nou
620 3458 698 3514 enim
723 3457 843 3516 fortuito
873 3456 906 3514 id
933 3456 1089 3530 accidisse,
1119 3454 1171 3512 sed

93 3563 98 3576 ·
181 3552 311 3625 consulto
341 3549 494 3607 Herebum
522 3548 558 3604 de
586 3549 760 3623 imperatore
788 3547 929 3624 tacuisse,
959 3549 990 3605 et
1017 3547 1172 3622 propterea

180 3641 393 3715 quidem'quod
411 3639 539 3697 nondum
557 3639 595 3696 ad
613 3637 676 3709 ejus
694 3641 792 3713 partes
811 3640 970 3696 transierat
986 3641 1015 3694 11
1034 3636 1169 3696 sollicitu-

180 3732 248 3790 dine
267 3749 301 3790 ac
318 3748 450 3812 moerore
468 3731 615 3788 coniectus
633 3745 692 3788 nou
706 3729 801 3792 miuus
819 3729 896 3788 hunc
913 3745 1001 3804 quam
1011 3727 1170 3792 1111111111
