2792 4576
548 309 752 374 ...55-

163 471 240 530 disse
259 469 448 548 intelligeret,
460 488 572 530 aarum
596 473 738 540 demortui
762 478 849 548 eaput
874 490 949 532 novo
968 477 1065 551 aliquo
1083 492 1144 536 car·
1249 465 1254 474 ’

161 563 238 620 mine
258 557 430 620 deflevisset
473 563 584 621 Eumne
610 566 726 623 tandem
751 565 901 638 probabile
926 571 971 625 est
995 567 1071 626 bona
1095 569 1144 626 illa

133 639 244 740 jota,
264 669 339 727 quae
357 653 469 710 animae
488 671 557 712 suae
569 655 690 712 dimidio
701 659 873 729 'apprecatus
892 660 955 715 erat
961 662 1061 748 ,tum,
1078 677 1144 719 cum

160 745 253 802 edidit
269 744 413 820 libellum,
431 746 533 802 mortis
551 745 697 818 Virgilii'
683 763 746 816 Jam
764 761 884 818 gnarum
901 747 987 805 siccis
1005 749 1095 808 oculis
1113 755 1145 810 ιι

159 835 327 896 incredibili
339 835 426 909 plane
444 836 578 894 vecordia
595 830 768 910 repetiisset
803 838 867 895 Nae
885 837 940 896 boc
957 838 999 896 itu
1016 839 1053 898 ab
1065 841 1145 908 omni

157 926 409 984 verisimilitudine
428 926 579 1002 abhorret,
598 929 631 984 ιι
648 926 695 985 ιιι
712 926 781 984 inde
799 928 960 1005 intelligas,
977 945 1066 1005 qnam
1077 950 1143 1018 per·

147 1019 242 1075 'verse
260 1016 332 1075 illud
351 1031 467 1074 carmen
485 1017 571 1091 paulo
590 1021 657 1074 ante
675 1017 808 1074 ultimum
825 1019 975 1078 Mantuani
992 1023 1068 1080 vatis
1086 1024 1144 1082 iter

150 1108 187 1165 'h
205 1125 234 1170 ι.
253 1123 329 1164 anno
348 1107 412 1164 734.
437 1110 488 1166 aut
511 1107 595 1165 initio
620 1108 745 1183 proximi
763 1111 912 1166 exaratum
932 1129 996 1170 essa
1014 1116 1141 1187 putetur.

157 1199 313 1255 Praeterea
324 1197 388 1265 ,alia
411 1201 480 1254 sunt
497 1199 653 1275 permulta,
679 1215 753 1272 quae
772 1199 932 1274 opinationi
949 1203 999 1260 isti
1018 1207 1144 1276 graviter

157 1288 354 1346 adversantur.
397 1289 498 1364 anue
522 1292 676 1364 propterea
699 1306 772 1364 opus
796 1293 842 1348 cst
866 1292 963 1350 statim
982 1293 1029 1351 hie
1046 1296 1143 1369 perlu-

157 1381 265 1455 strare,
290 1378 368 1453 quod
392 1379 430 1452 ob
454 1381 510 1438 boc
533 1381 629 1454 ipsum
653 1380 774 1438 odarion
791 1381 949 1438 carminum
965 1383 1055 1440 libros
1074 1389 1142 1444 ante

155 1487 182 1526 a.
202 1469 265 1526 735.
285 1471 316 1526 in
333 1471 481 1544 publicum
498 1472 615 1546 prodire
626 1472 756 1544 potuisse
767 1475 883 1544 negant.
919 1473 958 1531 Et
970 1487 1142 1548 quamquam

155 1576 218 1618 mea
238 1577 284 1618 me
304 1559 499 1637 disputatione
517 1578 576 1620 non
594 1562 659 1637 plus
679 1563 849 1622 effecturum
866 1579 931 1620 esse
950 1568 1029 1622 certo
1047 1581 1141 1640 paene

155 1637 232 1728 seio,
257 1668 346 1726 quam
370 1669 423 1710 sua
453 1653 716 1725 Vandarburgium:
741 1657 855 1730 ιιιιιιιι,
878 1653 1020 1728 pronum
1054 1672 1142 1730 quam

154 1745 262 1818 cedam
285 1742 394 1801 habent
417 1744 590 1817 interpretes
608 1743 757 1814 vulgarem
768 1747 907 1817 temporis
919 1745 1142 1820 descriptionem

153 1833 238 1904 hujus
251 1829 441 1913 carminis't)
459 1835 519 1890 tam
538 1848 592 1902 ego
604 1831 726 1888 candem
739 1831 839 1902 judico
850 1849 969 1906 pravam
978 1839 1011 1892 ct
1028 1838 1140 1916 iubam,
1175 1849 1190 1918 ‘-

152 1936 296 1996 exponam
315 1922 428 1995 singula
446 1922 583 1996 deinceps
602 1924 779 1992 argumenta
937 1918 952 1942 ⁸

225 2014 271 2071 Ac
293 2011 418 2086 primum
442 2011 561 2086 quidem
577 2040 616 2058 -
636 2014 669 2070 ut
694 2012 732 2069 ad
749 2012 917 2090 Virgilium,
930 2022 1054 2088 poetam
1072 2021 1141 2092 cpt-

151 2121 237 2182 eum,
263 2119 378 2162 carmen
402 2101 502 2162 datum
527 2119 592 2162 csse
617 2103 787 2182 concedam,
812 2105 868 2163 etsi
891 2121 929 2162 ne
948 2105 1003 2164 hoc
1021 2108 1141 2181 quidem

152 2199 262 2254 certum
281 2198 325 2252 ιιι
336 2227 375 2240 -
386 2197 570 2270 inpromptu
589 2195 767 2272 ostridere,
786 2211 840 2269 pro
851 2196 973 2270 probato
991 2203 1138 2273 sumptum

151 2303 215 2344 csse
235 2287 272 2344 ab
290 2287 512 2364 interpretibus,
527 2287 611 2361 'qnod
628 2303 666 2344 ne
685 2303 723 2344 ex
740 2287 798 2346 ullo
810 2287 928 2362 quidem
944 2289 1067 2360 vestigio
1085 2307 1139 2364 ap-

150 2380 248 2452 paret,
272 2377 344 2436 illud
369 2377 425 2434 iter
447 2378 569 2453 respici,
594 2378 671 2451 quod
694 2378 778 2436 Maro
801 2395 828 2434 a
847 2379 911 2435 735.
936 2379 968 2434 in
987 2379 1137 2441 Graeciam

150 2467 287 2540 suscepit.
325 2466 410 2533 Quod
428 2469 490 2522 turn
508 2482 641 2536 maguam
664 2467 876 2539 probabilitatis
902 2469 1029 2542 speciem
1047 2455 1135 2527 habcss
1178 2507 1180 2514 ι

149 2561 210 2633 ιιι,
242 2556 269 2613 si
293 2556 352 2612 ullo
375 2557 502 2627 unquam
525 2555 582 2612 alio
606 2558 736 2628 tempore
761 2572 827 2613 eum
850 2557 882 2613 in
907 2557 1058 2615 Graeciam
1088 2559 1135 2616 vel
1163 2583 1164 2586 ¹

148 2636 277 2707 Atticam
293 2661 353 2704 non
371 2645 464 2702 solum
481 2647 641 2719 proiectum
665 2661 730 2702 esse
749 2647 802 2703 sed
820 2646 907 2704 etiam
925 2647 1066 2722 proficisci
1084 2665 1134 2706 vo-

148 2740 239 2797 luisse
257 2740 337 2796 certo
355 2746 461 2808 negare
480 2752 639 2811 possemus.
677 2734 762 2803 Quod
774 2753 839 2794 cum
851 2737 888 2795 ob
903 2742 1135 2812 argumentorum
1189 2743 1191 2752 ‘

150 2831 293 2888 deiectum
311 2828 374 2886 lieri
390 2809 531 2904 nequeat,
556 2844 610 2886 nee
627 2845 681 2902 per
699 2844 731 2885 se
750 2815 974 2910 consentaneum
993 2829 1031 2886 sit
1049 2832 1080 2885 ιι
1098 2846 1134 2888 eo

148 2921 310 2997 refellatur,
340 2918 417 2993 quod
440 2919 577 2990 Virgilius
600 2920 762 2990 Augustum
786 2901 888 2977 contra
909 2918 1067 2978 Antonium
1095 2919 1133 2978 ad

150 2999 269 3068 Actiaca
287 3009 363 3068 bella
380 3013 751 3084 properantemsceutnrus
769 3013 846 3086 crat,
870 3013 904 3066 ut
921 3010 964 3066 ait
981 3009 1110 3082 aliquis
1101 3026 1133 3068 ιιι
1204 3029 1206 3036 ’

49 3089 52 3098 ’
149 3100 278 3158 Servian.
303 3101 391 3158 schol
417 3101 525 3158 ad'ccl
544 3101 578 3177 3,
597 3101 659 3157 ιιι
684 3100 820 3158 contiuuo
842 3102 963 3172 apparet
986 3099 1133 3184 vulgarem

148 3193 234 3249 istam
258 3190 423 3265 opinionem
446 3207 500 3265 pro
523 3207 593 3248 vera
617 3194 647 3246 et
674 3192 754 3248 certa
782 3189 978 3250 fraudulenter
1000 3188 1132 3252 vendita·

149 3286 208 3340 m
221 3299 335 3432 ιθιῗιῑιιιι
360 3389 429 3432 vero
454 3339 532 3447 'quae
557 3372 593 3431 de
617 3371 721 3428 itincre
745 3389 772 3429 ι.
790 3313 862 3430 ιιι.
881 3369 1036 3444 uvirgilio
1054 3372 1130 3430 lactc

148 3467 295 3539 comperta
313 3464 470 3542 habemus,
495 3480 530 3520 ea
552 3479 590 3520 nc
608 3463 783 3522 conveniunt
801 3462 917 3537 quidem
935 3462 1010 3519 hena
1028 3460 1130 3518 carmi-

213 3694 259 3758 19)
275 3696 336 3746 Post
350 3697 455 3746 ιιιιιιι.
472 3697 550 3759 vitp.
562 3696 609 3746 809
621 3710 657 3758 sq
673 3709 754 3748 ornnes
764 3698 860 3760 praeter
875 3694 1006 3756 Bentlcjuru
1024 3693 1049 3738 ιι
1059 3687 1128 3740 van-

63 3777 67 3781 ·
147 3760 301 3826 derburgiom
313 3763 468 3827 interpretem
486 3767 535 3811 tnnr
551 3761 675 3812 Kirchuer.
692 3766 786 3824 quaest.
800 3777 824 3826 p.
836 3760 897 3824 8..§
914 3759 955 3812 18.
967 3773 992 3822 p
1004 3757 1028 3807 9
1045 3755 1070 3821 §
1086 3756 1129 3812 it).

145 3841 173 3891 P
188 3827 229 3878 ³⁰·
246 3825 271 3892 §·
289 3828 330 3878 bi
347 3833 372 3880 at
388 3827 569 3892 Grntclcudp.
586 3827 642 3880 tal.
659 3841 682 3878 a.
913 3903 932 3959 5
