2792 4576
573 289 777 356 -η-

186 453 270 621 ξ6661ὲ
283 451 336 600 νέξ
355 449 433 526 apud
455 436 551 518 'Rieht
578 469 605 527 p.
630 453 668 510 62
693 469 736 530 sq.
765 457 795 514 et
823 453 969 514 Kirelmm.
999 455 1030 512 in
1057 456 1168 530 quaest

239 637 306 710 gilo
325 637 430 712 aetate,
449 641 508 708 qua
527 637 602 696 aa·
616 635 1170 713 666166611666,6156666660616-
1209 667 1217 686 .
1301 619 1304 628 ’

143 787 146 798 ἱ
187 725 229 782 til
249 725 317 786 inst
335 741 378 784 or.
397 725 426 803 8,
445 727 472 782 3.
491 729 521 782 et
539 727 738 798 grammaticos
758 727 848 804 audit,
868 727 1042 802 compositus
1062 725 1111 802 sit,
1128 726 1170 782 nil

187 817 272 891 plane
291 819 423 892 constare
442 815 566 888 ingenue
585 818 732 875 latendum
751 821 803 876 eat.
832 819 892 876 Alii
911 817 1053 876 extremis
1066 819 1171 890 poetae

186 908 270 966 annis
289 924 355 964 eum
373 906 549 984 adscribunt,
568 909 618 968 olii
637 909 745 981 rigenti
764 910 862 967 aetati.
899 911 1017 968 Neutra
1028 908 1172 966 sententia

186 998 347 1056 eontirmuri
366 1001 462 1072 potest
480 999 566 1055 certis
584 999 752 1059 rationibus.
772 1000 929 1058 Posteriori
947 1003 1044 1057 tamen
1054 1000 1171 1073 propte-

186 1106 237 1146 rea
255 1088 349 1160 magis
365 1090 461 1192 bueo,
478 1089 557 1163 quod
574 1091 711 1148 Horatius
726 1092 794 1164 jum¹
806 1095 919 1150 matura
937 1079 1082 1148 66161666
1094 1105 1171 1147 eom·

186 1178 332 1252 positione
348 1179 445 1252 operis
464 1181 548 1254 qualo
567 1180 623 1238 hoe
640 1186 685 1239 est
705 1183 846 1256 cogitasse
870 1179 1172 1241 61661661166616

187 1271 329 1346 seriptit'
321 1285 352 1328 rn
370 1270 437 1334 Sat„
451 1271 478 1347 1,
498 1272 524 1328 4.
544 1271 607 1329 636

332 1363 480 1426 Hactenus
498 1357 584 1420 hbeo.
604 1366 684 1422 6666
697 1363 809 1435 justum
828 1361 868 1419 sit
884 1378 976 1420 66666
994 1378 1115 1440 poema3
1155 1409 1181 1447 ,Δ
1254 1431 1258 1438 ἱ
1335 1363 1338 1374 “

332 1453 417 1512 Nune
434 1452 505 1510 illud
523 1455 635 1512 tantum
654 1470 790 1529 quaeram
808 1457 881 1511 caet

185 1544 291 1601 Errant
308 1545 359 1618 qui
377 1547 470 1601 artem
488 1545 631 1618 poetieam
655 1546 693 1603 66
717 1544 909 1619 posteriorem
932 1543 1171 1617 epistolarumii·

185 1609 283 1692 brum
285 1637 423 1694 referunt
460 1636 535 1695 Nam
552 1640 586 1693 ut
603 1637 759 1712 separatim
778 1651 843 1692 eam
860 1638 891 1691 et
909 1633 1024 1692 ‹liverso
1042 1638 1173 1708 tempore
1217 1621 1223 1631 ⁸

185 1725 321 1801 seriptum
330 1726 493 1801 editamque
511 1730 606 1806 putes,
625 1745 691 1786 eum
709 1725 896 1795 Quinctiliuni
914 1725 1069 1783 auotoritas
1088 1742 1172 1799 sepa·

184 1818 271 1874 ratim
295 1834 366 1878 eum
377 1818 521 1876 laudantis
540 1819 683 1894 postulat,
708 1821 770 1874 tum
789 1817 918 1887 seiuncta
936 1818 1123 1890 epistolarum
1141 1819 1172 1873 et

179 1905 257 1962 'artis
275 1909 406 1980 poetieue
423 1908 456 1964 in
474 1905 557 1964 6666.
577 1907 670 1984 sedes,
690 1907 840 1982 quaejam
858 1906 1081 1964 Scholiastarum
1098 1910 1172 1964 tem-
1260 1971 1263 1982 ¹

186 2012 257 2071 pore
281 1996 414 2055 obtinuit.
452 1998 518 2056 Non
542 1999 619 2055 enirn
643 2002 752 2056 temere
777 1997 925 2069 eollegeris
951 1997 1071 2072 exeis,
1096 2013 1171 2070 quae

185 2090 360 2146 annotarunt
378 2088 417 2146 ad
442 2089 526 2165 epist.
547 2090 581 2167 2,
606 2089 633 2147 2.
653 2088 717 2146 215.
743 2082 885 2169 (Tempus
904 2087 985 2144 abire
1002 2087 1069 2144 tibi-
1083 2085 1170 2168 est.):

179 2183 279 2256 „urire
304 2183 339 2240 io
366 2178 430 2252 litte*
459 2184 557 2255 operis
583 2180 619 2238 66
643 2181 699 2238 666
725 2180 854 2254 disputat
878 2175 994 2255 vitae,“
1032 2179 1171 2253 epistolas

183 2271 217 2328 in
233 2287 344 2332 ,eorum
372 2273 583 2352 exemplaribus
612 2275 789 2346 postremum
817 2271 911 2330 locum
948 2269 1093 2328 habuisse.
1131 2301 1171 2314 -·

184 2363 333 2420 Kirobnor.
358 2363 391 2420 in
408 2367 519 2437 quaest.
548 2361 576 2441 ἕ.
603 2363 648 2422 ll.
674 2363 832 2420 seeundum
856 2360 1042 2435 epistolarum
1064 2361 1171 2420 librum

121 2480 125 2490 x
183 2467 243 2508 una
260 2468 325 2510 eum
344 2456 406 2510 arte
424 2453 714 2526 poetieafseparatim
738 2453 869 2512 exhibita
892 2455 959 2525 post
982 2451 1094 2508 obitum
1119 2452 1170 2508 66·
1187 2461 1191 2470 ’

183 2557 263 2598 mum
280 2543 385 2615 poetas
405 2543 581 2612 divulgatum
600 2557 664 2598 esse
683 2541 821 2619 conjecit,
845 2540 877 2598 id
896 2540 973 2615 quod
990 2555 1045 2600 nee
1062 2556 1169 2613 negare

182 2649 238 2691 nee
255 2633 396 2712 66166666
414 2632 517 2691 ausim.

257 2705 407 2793 06661661
425 2725 597 2782 tantinum
613 2691 755 2784 66166666
777 2723 915 2782 Horatius
939 2722 1098 2796 Augusti
1084 2741 1170 2794 Jussu

182 2815 329 2889 prioribus
347 2812 463 2890 atljeoit,
482 2816 515 2872 ut
533 2815 729 2888 privignorum
747 2815 809 2888 ejus
824 2815 959 2879 victorias
971 2815 1081 2876 'liberii
1092 2816 1169 2872 Dru·

73 2921 75 2932 ¹
126 2963 130 2969 ,
182 2907 266 2980 siquo
285 2905 460 2982 celebraret,
490 2908 566 2962 testo
589 2909 710 2966 866166.
736 2907 788 2965 vit.
816 2909 886 2964 lior.
906 2904 934 2984 ξ.
955 2907 1000 2965 16.
1038 2905 1169 2964 Eandem

182 3013 246 3054 rom
262 3000 381 3054 mrraut
399 2997 492 3054 Sobel
512 2996 613 3057 Aaron
631 2997 670 3054 ad
687 2997 735 3054 66.
755 2999 783 3074 4,
803 2997 845 3056 1.:
884 2997 1052 3074 „Statuerat
1075 2997 1168 3053 liora·

182 3088 241 3146 tius
259 3103 351 3162 nsque
370 3087 408 3144 66
426 3088 667 3146 tertium-librum
684 3087 828 3161 complere
846 3103 920 3161 opus
939 3103 1038 3164 suum,
1063 3087 1168 3164 quibus

183 3178 270 3236 editis
288 3179 415 3236 maximo
433 3179 584 3238 intervallo
602 3179 680 3236 huno
703 3179 836 3252 quartum
864 3177 991 3236 seribere
1018 3182 1064 3235 est
1091 3195 1168 3237 eom-

182 3269 283 3343 pulsns
301 3269 338 3328 ab
356 3269 488 3342 Augusto
511 3269 543 3331 in
566 3268 681 3327 laudem
705 3268 831 3344 privigni
855 3268 900 3326 sui
918 3269 1007 3328 Drusi
1030 3269 1165 3346 Neronis,

182 3360 233 3434 qui
251 3361 344 3418 victor
362 3359 399 3418 66
418 3360 517 3418 Raetia
537 3363 567 3416 et
584 3359 742 3420 Vindelicis
766 3361 860 3416 tuerat
882 3358 1048 3438 66666666,ιι
1068 3361 1164 3420 Sehol.

181 3453 370 3528 Porphyrion
388 3450 475 3508 ibitis
494 3452 584 3526 „Post
602 3453 813 3509 eonsummatos
823 3455 974 3526 editosque
984 3454 1044 3510 tres
1063 3451 1166 3509 earmi-

181 3557 251 3600 num
267 3543 357 3600 libros
375 3541 501 3600 maximo
519 3541 669 3599 intervallo
687 3542 764 3600 hune
777 3540 882 3598 librum
891 3545 1025 3616 quartum
1038 3541 1164 3598 seribere

181 3635 347 3707 compulsus
359 3632 540 3691 easedioitur
559 3631 595 3718 eb
604 3632 752 3709 Augusto,
771 3635 804 3690 61
821 3633 931 3692 Neroni
949 3633 1012 3705 ejus
1030 3631 1163 3704 privigno
1221 3661 1224 3668 ν

181 3722 331 3784 victoriam
373 3724 410 3782 66
430 3722 553 3794 ι11166116
592 3721 749 3782 Vindelicis
794 3724 955 3798 quaesitum
994 3721 1161 3800 illustraret,

182 3827 257 3887 quae
275 3813 330 3876 boo
347 3815 422 3874 libro
440 3810 633 3874 continetur.“
652 3816 683 3871 et
701 3813 793 3872 sehet
818 3815 905 3890 6166.
923 3811 1010 3878 ibit:
1029 3813 1163 3892 „Statue-
