2760 4588
446 331 449 338 -
563 273 821 354 '·-ars-

231 467 281 523 ges
301 450 337 507 do
355 447 554 508 adulteriis'et
572 449 713 524 pudicitia
737 453 824 525 atque
850 451 886 508 de
912 449 1081 510 maritandis
1106 452 1218 510 ordini·

230 543 285 599 bus
303 559 329 598 a.
349 542 412 598 136.
429 541 506 598 latas
525 533 598 621 (Dio
619 543 698 600 Cass.
724 541 842 618 54,16.
868 541 938 615 ibiq.
964 542 1084 615 interpr.
1105 537 1214 619 (Sturz.

111 629 115 640 ’
229 633 285 708 rol.
305 631 352 690 vi.
371 650 400 707 p.
421 630 606 712 1151111111.
630 647 694 691 exe
717 631 756 690 ad
773 627 847 691 'Tae
872 632 948 690 Anu
976 633 1003 689 3.
1028 633 1098 693 1101.
1118 635 1163 692 od.
1183 637 1213 711 4,

230 724 277 782 15.
307 717 367 805 lo.)
397 719 554 796 respectas.
573 739 638 781 osae
670 722 777 782 dudum
807 723 1037 782 animadversum
1067 726 1112 782 est
1142 724 1213 781 viris

229 813 331 873 doctis.

301 997 481 1069 (inm
498 997 559 1054 Π-
576 999 690 1074 „lituo
706 1001 932 1075 0001110101»
957 999 990 1056 iu
1015 1001 1145 1058 confesso
1165 1002 1212 1056 est

228 1094 377 1148 exaratum
401 1107 466 1150 esse
491 1107 517 1148 a.
538 1090 602 1146 131.
631 1107 696 1148 oum
722 1091 843 1149 Horatio
867 1090 1054 1149 honorificum
1078 1089 1213 1148 carminis

229 1182 383 1239 saecularis
402 1180 547 1238 scribendi
565 1197 668 1239 munus
688 1181 724 1238 ab
737 1182 868 1254 Augusto
886 1181 1046 1253 injunctum
1064 1185 1142 1240 esset
1160 1177 1212 1260 (ci.

227 1272 355 1329 Messon.
374 1272 426 1328 vit.
441 1273 481 1329 11.
500 1289 529 1346 p.
548 1273 612 1330 318.
634 1274 742 1330 (110101.
762 1289 791 1346 p.
812 1273 875 1330 415.
893 1272 922 1330 b.
942 1273 1059 1330 Kirchn.
1085 1275 1106 1330 1.
1126 1267 1212 1354 chr).

227 1363 322 1434 Hujus
340 1357 646 1436 enim'quodammodo
664 1361 824 1442 προοίμιον
842 1366 887 1422 est
905 1357 1003 1443 (01.1.
1024 1360 1104 1445 42),
1121 1363 1211 1436 idque

227 1456 323 1512 ortum
341 1469 380 1511 ex
399 1454 479 1525 iusta
496 1454 621 1526 quadam
640 1455 778 1529 superbia
795 1457 825 1511 01
844 1455 889 1512 sui
907 1453 1025 1531 fiducia,
1052 1469 1108 1528 qua
1126 1457 1214 1527 poeta

227 1545 411 1620 efferebatur,
433 1562 473 1601 ex
484 1559 541 1617 quo
559 1547 689 1618 tempore
701 1546 838 1602 virtutem
857 1561 939 1602 suam
957 1545 1101 1621 poeticam
1120 1546 1150 1601 et
1167 1560 1228 1600 ar·.

225 1638 286 1692 tem
304 1647 369 1692 oum
387 1651 405 1691 a
422 1634 595 1708 primoribus
612 1635 683 1692 viris
707 1636 825 1693 tumab
843 1637 909 1711 ipso
926 1637 1059 1708 Augusto
1076 1636 1119 1693 ita
1138 1651 1214 1693 com·

226 1724 377 1799 probatam
395 1741 459 1781 esse
478 1724 675 1802 intellexerat,
701 1730 734 1782 ut
762 1743 801 1784 ex
827 1741 986 1801 permagno
1010 1730 1160 1802 poetarum
1178 1726 1214 1783 il·

224 1816 281 1874 iius
301 1815 405 1872 aetatis
424 1827 510 1886 grege
530 1815 607 1872 solus
626 1818 783 1875 haberetur
806 1817 934 1896 diguus„
958 1819 1058 1892 quiin
1083 1816 1214 1876 sollemni

225 1906 360 1965 indorum
379 1904 567 1963 saecularium
586 1906 778 1965 celebratione
797 1908 936 1980 hymnum
954 1909 985 1966 in
1002 1909 1166 1985 Apollinem
1184 1909 1216 1963 et

225 1998 350 2057 Dianam
369 2001 562 2071 componeret.
599 1998 665 2065 Qua
687 2016 720 2056 re
738 2000 780 2056 nil
798 2017 892 2074 paene
918 2001 946 2058 ei
971 2001 1092 2072 contigit
1109 1999 1214 2056 laelius

225 2092 313 2162 atque
333 2088 508 2162 exoptatius.
533 2089 591 2152 ,110
615 2090 693 2146 enim
717 2107 782 2147 cum
805 2109 874 2148 vere
901 2095 1052 2167 poetarum
1070 2091 1214 2148 Romano·

224 2195 290 2237 rum
307 2180 442 2253 princeps
462 2179 608 2250 judicatus
627 2184 721 2258 esset,
753 2181 815 2238 lieri
844 2197 904 2238 non
927 2184 1042 2255 poterat
1066 2181 1136 2254 quin
1154 2196 1214 2236 non

225 2271 319 2328 solum
336 2270 496 2326 invidiosae
514 2269 667 2328 lividorum
690 2271 839 2328 homiuum
861 2271 980 2328 voculae
1005 2270 1088 2328 brevi
1111 2270 1214 2328 obmu-

225 2364 380 2437 tescerent,
400 2361 453 2417 sed
473 2360 590 2434 publica
608 2361 695 2418 etiam
714 2364 817 2435 poetae
836 2362 1009 2438 aestimatio,
1028 2363 1102 2438 laus,
1121 2361 1213 2418 admi-

223 2453 298 2510 ratio
317 2451 349 2508 in
367 2452 445 2510 diem
463 2455 605 2510 cresceret
623 2455 653 2510 et
671 2453 871 2524 adaugeretur.
896 2453 974 2519 Quid
991 2453 1096 2514 mirum
1113 2452 1213 2527 igitur,

224 2545 251 2603 si
265 2547 447 2621 „limnaeus
454 2543 566 2614 fidicen
584 2546 698 2621 101001),
713 2551 921 2620 „monstratus
939 2547 990 2603 ilie
1008 2548 1099 2618 stipite
1115 2559 1212 2616 pruc-

223 2637 424 2696 recussum»
447 2651 628 2709 nequaquam
647 2636 751 2693 anxius
770 2638 870 2709 partae
891 2636 998 2706 gloriae
1019 2635 1212 2693 dissimulator

223 2722 299 2784 tuiti
338 2724 415 2794 Quid
432 2726 549 2802 mirum,
579 2728 606 2784 si
623 2742 764 2798 generoso
784 2726 889 2800 spiritu
906 2727 1005 2784 nescio
1025 2726 1154 2783 dicamne
1173 2742 1212 2781 an

223 2816 367 2876 modestia
392 2817 502 2874 vertice
530 2803 642 2874 sublato
670 2821 820 2875 aeternum
848 2817 1005 2875 carminum
1032 2805 1158 2891 pretium
1182 2819 1213 2872 et

223 2897 362 2968 honorem
380 2907 539 2967 identidem
557 2912 713 2979 auguratus
739 2905 805 2966 esti
841 2910 896 2966 Est
921 2925 989 2965 sane
1019 2908 1096 2982 quod
1122 2908 1212 2965 laete·

223 3017 288 3060 mur
305 3001 360 3058 hac
380 2999 416 3056 tle
435 3015 476 3056 re.
513 2999 587 3057 Nam
605 3000 682 3057 huic‘
697 3000 755 3073 ipsi
779 3000 949 3078 superbiae,
974 2991 1042 3056 huie
1065 2999 1123 3073 ipsi
1141 2998 1211 3055 fidu-

223 3093 285 3150 ciae
300 3092 366 3168 sui,
395 3091 462 3150 huic
477 3091 538 3166 ipsi
557 3091 662 3162 gaudio
682 3106 739 3165 quo
764 3107 917 3164 percussus
943 3087 988 3146 'est
1012 3090 1063 3146 ubi
1088 3090 1212 3164 palmam

125 3189 127 3194 ’
222 3183 305 3260 tulit,
330 3182 455 3257 primum
480 3182 618 3240 debemus
639 3182 862 3240 mellitissimum
893 3179 1094 3237 0111111011
1123 3179 1210 3251 hujus

221 3273 290 3331 iibri
308 3273 373 3328 nr.
415 3274 533 3349 „Quem
551 3281 585 3332 tu
602 3277 790 3347 Melpomene
807 3275 935 3349 semet»,
968 3273 1107 3345 scriptum
1137 3270 1212 3326 illud

148 3377 151 3392 ’
221 3367 256 3422 ut
274 3361 400 3438 perbene
413 3365 543 3436 ¹conjecit
562 3366 670 3423 Grotet
689 3358 734 3444 (p.
756 3363 818 3420 415.
837 3359 885 3444 b.)
905 3363 981 3421 01100
999 3381 1025 3421 a.
1044 3363 1125 3437 131,
1146 3375 1212 3417 cum
1269 3417 1274 3427 ,

221 3455 359 3515 Horatius
384 3469 499 3510 00111011
523 3456 669 3513 saeculare
694 3453 832 3516 conficere
853 3453 953 3524 jussus
979 3456 1065 3510 esset.
1102 3450 1137 3507 In
1155 3450 1213 3507 hoc

221 3547 312 3618 igitur
329 3554 444 3603 omnent
462 3545 616 3622 honorem‚·
641 3559 699 3619 quo
723 3547 843 3618 proptor
860 3545 963 3620 poesin
989 3561 1071 3617 suam
1088 3543 1212 3616 fruatur,

222 3636 340 3694 amabili
358 3651 476 3711 prorsus
500 3635 643 3692 modestia
668 3636 759 3692 desert
783 3637 821 3693 ad
838 3636 954 3712 Musas,
981 3651 1056 3709 quae
1080 3631 1212 3696 nuscenti

224 3727 281 3784 sibi
311 3727 467 3785 arriserint.
517 3725 603 3793 Quod
633 3727 680 3783 cui
708 3727 861 3801 contigerit
892 3743 958 3785 cum
986 3725 1114 3784 uoliilem
1141 3723 1212 3783 fieri.

224 3817 436 3882 Gloriabundus
454 3817 544 3892 igitur
560 3817 670 3895 pergite
777 3832 782 3845 ¹
