2792 4576
635 338 845 405 ..5ο-

236 505 365 581 Epodon
383 521 453 565 vero
472 505 602 578 syllogen
626 505 805 579 publicatam
823 503 913 560 fuisse
939 505 1055 578 oportet
1079 506 1234 579 antequam
1296 494 1304 508 ⁴

241 597 329 671 cpodi
348 597 455 654 libril
476 595 636 654 carminum
655 595 809 670 compositi
828 594 1010 652 essentie.
1031 597 1098 651 ants
1117 609 1183 652 aun.
1203 613 1231 652 u.

241 687 349 746 ι..125
379 689 457 758 Ergo
475 702 534 744 non
551 703 656 744 vereor
673 703 712 742 ne
727 695 904 757 magnopore
923 684 1007 741 fallar
1024 685 1233 762 ratiocinando,

79 823 84 832 .
190 847 193 856 N
241 779 269 838 si
288 777 412 853 epodum
433 777 476 835 17.
497 781 629 836 extrema
646 758 754 850 partc'
749 775 818 831 auni
837 773 902 830 724.
922 774 970 831 vel
988 775 1072 832 initio
1086 777 1233 850 sequentis

243 870 391 942 scriptum,
410 868 570 942 codemque
589 871 719 940 tempore
738 882 797 923 una
815 881 881 923 cum
900 865 1022 922 caeteris
1035 867 1171 940 publici
1157 867 1233 938 Jnris

242 961 350 1017 iactum
369 975 433 1016 esso
453 958 527 1016 dico.

316 1050 375 1107 Sub
394 1050 472 1106 idam
490 1053 604 1122 tempus
623 1049 762 1106 Horatius
780 1048 957 1122 palinodiam
981 1049 1061 1106 illam
1078 1048 1152 1106 libro
1171 1063 1232 1104 car·

242 1140 352 1210 minum
370 1141 464 1214 primo
487 1140 626 1197 insertam
651 1139 700 1216 „0
718 1147 816 1198 matre
832 1141 962 1213 pulchra
977 1139 1045 1209 [itia
1060 1135 1237 1213 ριιὶοΙιιιίιι(ί

204 1299 208 1306 ,
242 1231 363 1306 cecinit,
389 1247 446 1305 qua
465 1230 587 1288 eandem
606 1246 652 1296 me
673 1230 772 1301 judice
799 1230 949 1288 Canidiam
974 1229 1036 1286 sive
1062 1230 1233 1305 Gratidiam,

241 1337 330 1396 quam
348 1322 464 1395 saepius
479 1321 587 1392 J'ambis
605 1321 707 1398 laesit,
733 1322 809 1378 serio
828 1319 1038 1396 quodammodo
1057 1320 1114 1375 sibi
1132 1333 1234 1374 recon-

241 1412 362 1470 ciliaret.
397 1413 466 1480 'Qua
489 1411 577 1470 inre
603 1413 689 1486 plane
716 1429 781 1468 cum
805 1413 965 1470 Kirchnero
990 1404 1165 1494 (quaestfi.
1186 1409 1255 1465 51.·
1328 1487 1330 1492 Ι

240 1517 269 1577 p.
281 1497 345 1583 27.)
364 1504 465 1560 sentio.
485 1504 559 1559 Nam
570 1501 648 1571 quod
657 1502 822 1572 nuperrime
835 1502 960 1557 Orellius
973 1502 1004 1558 in
1022 1515 1130 1569 argum.
1144 1515 1231 1556 carru.

239 1610 269 1668 p.
290 1594 334 1649 71.
356 1592 488 1664 scripsit,
518 1591 547 1644 ct
576 1591 669 1644 totum
687 1592 888 1656 argumentum
915 1591 1013 1664 dotum
1039 1589 1148 1666 videri,
1177 1606 1232 1645 nec
1326 1587 1330 1602 '

197 1723 201 1736 .
236 1682 351 1753 iambos
372 1677 594 1735 contumeliosos
613 1693 741 1750 unquam
759 1678 883 1751 scriptos
903 1680 992 1735 luisse
1006 1684 1233 1736 consentaneum

175 1844 178 1848 Ι
240 1787 316 1846 osse,
335 1785 395 1826 non
413 1767 505 1842 magis
524 1783 625 1824 verum
644 1771 698 1845 est,
718 1785 805 1842 quam
817 1769 895 1842 quod
907 1769 1105 1840 Vandcrburg.
1125 1770 1232 1842 aliique

240 1859 352 1934 opinati
376 1862 459 1936 sunt,
491 1859 566 1916 hanc
594 1859 830 1932 deprecationem
848 1861 885 1918 ad
913 1861 1108 1933 Tyndaridem
1136 1859 1232 1917 datam

239 1967 315 2010 esse.
345 1945 405 2032 (lta
424 1950 513 2008 ctiam
532 1950 625 2007 Schol.
638 1951 778 2024 Porphyr.
799 1954 829 2008 et
847 1954 944 2024 glossa
962 1948 994 2009 in
1012 1953 1074 2011 cod.
1088 1967 1231 2010 manuscr

239 2036 447 2122 2Vanderb..)
486 2041 560 2098 Mihi
573 2040 691 2114 quidem
703 2045 734 2098 et
750 2043 794 2100 vs.
807 2044 852 2098 39.
874 2043 962 2117 epodr
974 2045 1036 2101 17
1051 2047 1233 2119 ,picem

240 2137 311 2192 dccl
329 2136 397 2208 tyra
415 2133 498 2190 soter
514 2133 643 2190 uooaffl’
662 2135 736 2190 caet
756 2135 787 2187 et
812 2131 943 2201 ejusdcm
970 2151 1013 2190 vs
1034 2133 1097 2189 21..
1118 2135 1234 2209 „nafis

238 2219 405 2295 mmor?
419 2224 493 2278 caet
514 2222 610 2278 collati
629 2237 695 2278 oum
713 2221 760 2277 od.
783 2222 811 2297 1,
831 2222 875 2278 16.
895 2223 965 2279 22.

474 2341 514 2356 ·“·
530 2342 570 2356 ··
587 2320 636 2369 ”²0
652 2327 772 2386 llwil'w
787 2316 916 2385 pmii

438 2403 632 2476 Temptavit
619 2418 653 2460 m
671 2405 753 2461 dulci
765 2401 897 2474 juventu

585 2495 701 2553 nacor
717 2501 747 2553 ct
763 2498 798 2553 tn
815 2497 928 2555 colores
945 2499 1064 2590 temtos

387 2587 472 2646 Misit
485 2582 668 2658 domemf‘

241 2675 279 2734 ad
297 2673 420 2732 candem
443 2693 597 2749 porsonam
621 2677 779 2752 cademque
805 2682 902 2738 aetate
929 2680 1002 2739 leaeo
1030 2681 1138 2752 scripta¹
1165 2693 1231 2732 ossa
1292 2661 1307 2692 “

241 2766 409 2837 mmerito
427 2770 495 2823 sunt
513 2768 675 2842 perspicuo.
