2776 4582
573 303 711 392 ...¹127
745 337 787 352 ..

188 474 362 538 nominibus.
399 471 489 546 Atqui
507 471 571 546 ipse
591 471 713 548 camur,
738 470 789 544 qui
813 481 873 526 non
888 463 1005 540 taam
1023 467 1061 526 ab
1077 467 1170 527 Ante—

189 566 238 624 nio
258 567 336 623 solus
354 563 464 621 bellum
480 565 647 636 susceperat
665 579 690 620 a.
705 562 785 638 716.,
806 559 859 618 sed
876 574 987 632 magno
998 559 1172 620 centeno

188 659 309 731 accepte
327 685 366 702 -·
384 653 512 712 cumbis
530 653 632 711 elassis
651 653 683 709 in
701 647 776 710 licto
786 651 883 710 Siculo
895 651 1080 724 periisset·-
1097 653 1172 712 mari

188 748 340 808 abstineo
359 748 474 804 coactus
493 747 557 802 erat
573 739 654 821 (Dio
672 743 720 821 48,
740 743 785 800 47.
804 741 928 817 Appiam
947 739 976 800 b.
996 758 1021 800 o.
1041 743 1070 818 5,
1086 742 1172 800 ⁸1·-

53 814 99 868 j
186 832 269 917 81),
288 853 314 896 a.
334 838 416 914 717.,
441 850 499 910 quc
521 849 628 906 novam
649 836 774 893 classem
797 834 918 908 parabat
935 827 1011 914 (Dio
1029 834 1076 912 48,
1096 831 1171 915 lib),
1207 911 1209 916 ,

188 929 294 1000 vigniti
315 943 465 986 servorum
482 925 574 984 millia
591 927 758 984 manumisit
769 929 799 982 et
810 923 849 982 ad
860 939 971 982 remum
983 925 1067 983 dedit
1084 920 1171 1003 (Sue-

39 1055 42 1062 .
187 1021 248 1076 tun.
268 1021 331 1077 Oct
353 1013 424 1098 16.)
456 1016 534 1088 Ergo
546 1019 682 1075 Horatius
701 1017 929 1092 leucopetram,
949 1017 981 1074 ln
997 1024 1172 1090 414θῖ1148Ήῦ

187 1125 254 1166 cum
277 1109 475 1180 indignatione
499 1109 691 1182 Pompejanas
722 1106 819 1184 copias
849 1103 960 1185 tangit,
991 1121 1052 1166 non
1075 1107 1172 1182 potuit

187 1200 315 1258 scribere
333 1201 391 1257 nisi
408 1203 476 1256 ente
495 1215 521 1256 a
541 1199 605 1256 717.
642 1200 781 1274 Alioquin
798 1199 902 1256 eadem
918 1196 1026 1271 iniuria
1038 1199 1172 1258 Caesarie

187 1291 288 1365 copias
306 1291 437 1350 affedsse
455 1291 536 1348 visus
554 1292 641 1348 esset
672 1293 719 1348 De
731 1295 861 1363 tempore
879 1286 968 1358 igitur
978 1291 1051 1348 setis
1069 1287 1171 1364 liquet.

187 1383 245 1439 Sed
262 1381 392 1458 litigant,
417 1381 482 1455 quis
505 1382 593 1438 luerit
611 1389 736 1457 ,pectem
758 1383 809 1439 tlte
822 1377 954 1452 βαρεῖαι
968 1385 1172 1440 emmenum

186 1475 244 1532 tlte
269 1475 435 1532 Praecessit
462 1476 506 1530 ad
530 1469 708 1543 fastidium”
727 1465 779 1552 (ci.
802 1471 919 1527 Suetom
939 1471 1003 1528 Oct
1030 1467 1074 1528 13.
1099 1472 1170 1545 ibiqt

187 1565 310 1623 Oasatb.
330 1565 376 1622 ed
395 1561 481 1621 Wolf.
500 1562 557 1620 vol.
577 1563 624 1622 lv.
644 1554 673 1636 p.
687 1556 786 1642 nso),
807 1573 892 1634 quem
905 1564 992 1634 poeta
1011 1564 1172 1620 ementien-¹

161 1703 163 1707 ,
186 1656 225 1712 tis
244 1657 288 1712 his
304 1655 410 1728 jambis
428 1654 577 1729 proscidit
608 1655 692 1712 Hune
710 1657 825 1710 veteres
839 1653 1014 1710 scholiastae
1028 1654 1065 1710 ad
1083 1663 1173 1712 mrum

186 1761 286 1802 omnes
305 1750 448 1803 testantur
473 1747 562 1802 luisse
585 1748 710 1810 Menum
729 1745 791 1804 sive
809 1744 1016 1822 Metrodorum,
1036 1741 1087 1802 aut
1105 1747 1171 1804 Sex.

185 1835 318 1908 Pompejt
334 1831 414 1914 (Dio
434 1836 487 1910 48,
507 1837 552 1890 30.
572 1835 647 1905 App.
666 1835 696 1888 b.
716 1835 771 1889 civ.
791 1834 826 1907 5,
846 1828 915 1912 81.)
941 1838 992 1891 eut
1016 1837 1068 1892 Cn.
1088 1838 1172 1893 Pom-

185 1925 247 1997 peji
264 1925 365 1994 Magni
384 1918 472 2003 (vell.
492 1924 553 1979 Pat.
573 1921 607 1998 2,
627 1923 672 1978 73.
692 1922 786 1979 Schol.
806 1923 873 1978 Aer.
893 1923 997 1996 Porph.
1019 1927 1050 1980 et
1068 1920 1172 2005 qu.)

185 2015 337 2089 libertum,
357 2013 408 2086 qui
426 2014 491 2069 Sex.
511 2011 641 2086 Pompeji
652 2013 737 2069 classi
748 2015 911 2086 praefectus
930 2014 1039 2085 egregii
1056 2013 1173 2088 quidem

186 2101 268 2162 duem
286 2104 372 2161 laude
391 2105 485 2160 clerus
511 2104 567 2161 luit
591 2103 644 2160 sed
662 2120 681 2160 a
698 2104 819 2176 perfidia
838 2107 973 2161 famosus.
1011 2105 1086 2162 Nem
1106 2115 1173 2164 cnm

185 2195 319 2253 Sardinia
336 2199 477 2269 occupata
496 2196 561 2252 Sex.
581 2195 719 2268 Pompejo
737 2198 892 2270 propterea
910 2197 1003 2252 laetus
1022 2199 1101 2252 esset
1120 2209 1173 2254 su*

186 2290 312 2364 spectris,
331 2287 409 2361 quod
427 2289 457 2343 et
476 2287 697 2361 elioscaptivos
717 2289 748 2342 et
764 2286 908 2344 Helenum
926 2285 1079 2369 quendam,
1101 2289 1173 2346 an-

186 2377 259 2436 saris
283 2379 435 2455 libertum,
461 2377 609 2434 dimiserat
633 2375 702 2435 ἄνευ
728 2376 841 2454 λύτρων
855 2370 939 2455 (Dio
959 2379 1038 2435 Cass.
1059 2378 1106 2453 48,
1125 2378 1171 2436 80.

186 2465 272 2547 45ζ),
297 2471 347 2526 καὶ
372 2465 420 2525 ὅτι
437 2470 487 2524 καὶ
504 2466 550 2541 τῷ
574 2467 708 2544 Καίσαρι
732 2461 967 2539 exeuntem
990 2494 1030 2510 -·
1056 2471 1108 2523 sat
1129 2482 1172 2545 πῃ

185 2559 236 2616 κα)
258 2554 319 2616 ὑπὸ
344 2557 404 2615 τῶν
430 2556 542 2631 ὁμοίων
566 2555 675 2633 φθόνῳ
699 2551 750 2627 τῆς
775 2551 946 2625 δυναστείας
970 2549 1116 2632 διεβλήθη
1133 2581 1172 2604 -ι

186 2643 260 2726 (Dio
279 2647 326 2724 48,
346 2648 390 2704 45.
411 2645 446 2703 cl.
466 2649 541 2720 App.
561 2647 589 2704 b.
609 2647 664 2703 civ.
684 2646 718 2722 5,
738 2641 817 2727 78),
843 2650 978 2703 evocatus
1003 2647 1040 2706 eb
1059 2663 1095 2704 eo
1113 2663 1173 2707 non

149 2729 154 2750 '
187 2739 279 2798 solum
297 2751 356 2796 non
375 2737 504 2796 obedivit
523 2736 617 2813 dicto,
644 2737 696 2793 sad
725 2736 813 2794 etiam
838 2737 1014 2814 Sardiniam,
1039 2739 1171 2817 classem,

186 2832 345 2890 exereitum
364 2845 453 2904 seque
472 2830 568 2903 ipsum
580 2828 684 2886 occisis
695 2828 826 2903 Pompeji
837 2829 941 2900 legatis
953 2829 1073 2885 tradidit
1085 2831 1172 2887 Octa-

185 2923 271 2979 vieno
290 2937 316 2978 a
337 2907 401 2979 ne.
439 2919 486 2977 Ab
511 2920 567 2977 hoc
591 2919 782 2977 libentissime
808 2923 946 2994 exceptus
971 2921 1002 2976 et
1020 2918 1171 2978 ite'huuo·

184 3017 265 3070 ratus
283 3016 346 3088 est,
365 3014 399 3067 ut
417 3011 511 3068 aureis
531 3009 624 3067 anulis
638 3011 845 3068 condecoratus
863 3011 895 3067 in
913 3013 1076 3083 equestrem
1094 3009 1173 3068 ordi«

185 3107 253 3162 uem
271 3103 484 3161 adscriberetur
503 3096 577 3182 (Dio
597 3103 649 3177 48,
677 3097 748 3183 45).
792 3102 987 3159 Nihilominus
1011 3103 1109 3159 bmen
1132 3103 1171 3159 ad

186 3197 252 3253 Sex.
272 3194 439 3268 Pompajum
464 3210 491 3250 a.
511 3193 574 3251 718.
594 3192 683 3250 rediit
701 3187 781 3272 (Dio
799 3192 852 3268 48,
871 3187 949 3280 st).
987 3192 1044 3248 Sed
1068 3193 1171 3250 eodem

185 3301 261 3344 anuo
284 3299 399 3342 rursum
424 3284 547 3342 descivit
571 3284 609 3342 ad
634 3283 824 3341 Octavianum
843 3278 916 3363 (Dio
935 3283 988 3360 49,
1008 3275 1052 3364 1.)
1071 3287 1103 3341 et
1119 3299 1170 3360 pe

186 3564 215 3624 4,
236 3567 261 3618 8.
282 3566 429 3618 Monument.
450 3565 571 3628 Ancyrae.
592 3569 675 3617 tabula
696 3568 729 3616 11.
756 3579 773 3615 a
795 3566 894 3626 dena,
915 3566 969 3615 luit.
993 3565 1112 3627 (sueton.
1128 3561 1167 3614 ed.

139 3645 144 3658 ¹
186 3631 257 3682 Wolf.
273 3637 321 3684 vol.
338 3636 358 3684 l.
374 3649 399 3698 p·
418 3633 503 3696 tuln:
519 3633 605 3692 „idere
620 3635 708 3696 pecevi
723 3648 740 3682 a
755 3633 925 3698 praedonibus.
948 3632 986 3682 Eo
1003 3633 1065 3680 belle
1081 3645 1168 3682 servo-

186 3712 237 3745 rum
253 3701 294 3761 qul
308 3703 425 3763 fugissent
441 3715 457 3748 a
479 3699 579 3748 dominis
596 3700 647 3748 suis
663 3703 688 3748 et
699 3713 766 3748 anna
776 3703 861 3748 eontra
872 3699 1038 3762 rempublicam
1054 3699 1167 3758 tulerunt,

186 3762 308 3894 [stiffi
329 3769 380 3817 fere
402 3767 475 3816 millia
498 3769 569 3830 cepta
593 3765 694 3815 dominis
711 3765 742 3814 ad
758 3767 898 3831 supplicium
918 3762 1055 3815 sumendum
1077 3759 1167 3814 tradidi

185 3845 218 3887 w·
285 3831 319 3880 ’tr
928 3836 932 3841 -
1164 3863 1165 3868 1
