2760 4588
607 275 649 286 ..
678 241 744 308 200
772 274 815 289 ..

217 409 381 490 provectior
399 407 495 466 aetate
513 405 577 464 luit.
602 405 693 480 quue
704 405 801 479 ipsum
812 419 859 462 mc
870 407 1029 481 permovet,
1047 406 1082 462 ut
1093 403 1206 478 epieto·

216 505 275 562 lam
291 504 359 578 poet
377 497 578 560 Cantabricum
603 496 718 554 demum
743 495 958 568 expeditionem
982 495 1120 570 scriptam
1137 513 1206 552 csse

218 593 342 654 credam.
381 587 553 650 Cantabrica
565 587 642 644 bella
650 587 759 645 Lollius
775 587 939 662 pontolii,
957 588 991 642 ut
1002 586 1045 645 ait
1056 587 1205 644 Horatius.

218 686 285 743 Jam
303 657 350 741 iah
370 697 437 738 curn
449 678 587 736 vicesimo
606 680 673 748 lere,
686 677 791 734 aetatis
804 693 880 735 anno
899 691 937 734 ex
949 677 1091 752 Hispania
1107 694 1206 734 rever-

218 767 313 834 tisse(
336 771 501 845 Negabiene
521 769 673 844 epistolam
696 768 724 824 2.
744 769 792 824 vel
814 767 897 825 brevi
921 770 988 842 post
1005 769 1132 826 reditum
1149 768 1207 826 viri

214 864 331 938 juvenis
349 863 396 921 vel
414 861 501 936 paulo
519 859 648 932 longiore
667 860 806 933 temporis
825 859 920 934 spatio
938 859 1110 932 interposito
1129 875 1207 917 com-

220 956 291 1031 poni
305 949 465 1029 potuisset
494 951 605 1010 Vereor
622 952 656 1006 ut
673 965 800 1024 unquam
828 950 956 1025 potuerit
979 950 1085 1024 aptius.
1128 949 1206 1016 Quid

220 1041 320 1106 enimi
355 1046 399 1104 Ea
418 1046 479 1100 tum
495 1041 622 1103 ,maxime
641 1043 737 1098 aetate
756 1043 819 1099 crat
836 1041 963 1117 Lollius,
985 1057 1060 1115 quae
1079 1041 1206 1098 consiliis

222 1139 253 1195 ct
270 1135 515 1195 cohortationibus
533 1132 689 1208 praecipue
707 1132 858 1204 indigeret
877 1132 921 1190 Ea
940 1136 1003 1189 erat
1021 1134 1115 1190 aetate
1125 1134 1155 1188 et
1163 1131 1208 1187 in·

222 1226 394 1302 relucentis,
415 1225 528 1302 qualem
545 1226 607 1282 fere
632 1223 733 1281 doctus
759 1226 789 1283 et
812 1239 930 1282 severus
955 1223 1095 1297 epistolae
1114 1239 1209 1280 sermo

222 1316 535 1392 requiritneceseario.
572 1315 616 1372 Ea
635 1317 699 1378 erat
717 1317 829 1391 aetate,
853 1319 887 1372 ut
911 1315 1015 1373 merito
1033 1315 1070 1373 ab
1089 1315 1210 1372 Horatio

223 1407 261 1472 ed
280 1407 480 1483 philosophiae
500 1405 596 1466 studia
608 1405 762 1466 tractanda
770 1405 891 1465 excitari
908 1409 1008 1481 posset
1020 1399 1070 1484 (v.
1089 1406 1126 1462 33
1139 1398 1211 1484 rq.).

223 1499 267 1558 Ea
286 1497 409 1572 deniquo
429 1500 534 1574 aetate,
554 1497 587 1552 ot
606 1513 624 1552 a
634 1500 723 1569 poeta
735 1497 839 1567 viginti
856 1499 917 1570 lere
936 1497 1019 1554 annis
1037 1499 1107 1554 natu
1126 1512 1211 1567 gran·

225 1589 306 1648 dicre
327 1589 393 1662 jure
417 1589 516 1662 posset
538 1602 617 1659 puer
641 1586 707 1643 dici.
745 1587 790 1643 lta
809 1588 961 1662 epistolam
979 1587 1007 1645 2.
1025 1587 1102 1646 intra
1120 1603 1212 1646 annos

224 1681 289 1740 7³0.
309 1684 340 1738 ct
357 1679 421 1737 734.
441 1680 611 1753 conceptam
629 1694 694 1734 csse
712 1677 870 1736 verisimile
888 1679 928 1738 fit.
968 1679 1083 1762 Quoin
1101 1678 1214 1750 judicio

225 1769 439 1846 comprobando
457 1767 627 1840 adjuvamur
646 1767 734 1830 etiam
751 1787 837 1826 versu
857 1769 918 1828 52:

372 1858 431 1928 Qui
450 1858 530 1934 eupit
548 1861 599 1920 aut
617 1859 730 1936 metuit,
745 1860 829 1932 juvat
839 1863 919 1919 illum
931 1862 974 1920 sic
992 1861 1095 1920 domus
1107 1863 1138 1918 et
1155 1876 1214 1936 res,

374 1951 414 2014 Ut
431 1949 543 2025 lippum
561 1950 807 2028 pictaetabulae,
824 1949 961 2024 fomento
976 1957 1159 2028 perlapsum,

374 2041 528 2104 aeumlao
548 2040 675 2100 citharae
694 2042 821 2099 collecta·
833 2040 918 2104 sorde
937 2044 1094 2118 dolentes,

227 2133 279 2193 ubi
297 2133 461 2192 tomenta
485 2131 515 2192 h.
535 2148 561 2190 e.
587 2131 680 2190 calida
703 2136 870 2204 tegumenta
893 2133 984 2190 lenire
1002 2134 1146 2202 negantur
1163 2149 1217 2207 po-

229 2222 338 2294 dagrici
357 2222 480 2281 dolores.
518 2223 675 2298 Reputanti
693 2223 770 2282 enim
788 2223 876 2297 mihi,
905 2239 970 2280 eam
994 2221 1138 2280 curandae
1162 2240 1217 2296 po-

162 2364 166 2381 ,
230 2313 336 2384 dagrm
360 2315 519 2390 rationem,
547 2329 604 2387 qua
623 2315 725 2371 calida
741 2310 876 2383 someraco
894 2311 1117 2389 adhiberentur,
1137 2313 1217 2387 apud

229 2404 375 2462 Romanos
401 2405 433 2463 in
457 2422 511 2464 neu
538 2404 700 2463 ethonore
725 2405 816 2464 tuisse
843 2420 935 2477 usqne
960 2404 999 2461 ad
1023 2419 1131 2492 annum
1154 2407 1217 2463 iere

230 2495 311 2576 7312,
331 2512 388 2571 quo
406 2497 555 2568 Augustus
574 2495 611 2552 ab
629 2495 758 2556 Antonio
776 2497 862 2554 Musa
879 2495 1005 2569 primum
1026 2492 1148 2570 sripidta
1165 2493 1218 2566 fo·

230 2589 338 2668 mendo
357 2587 401 2646 uti
414 2587 514 2658 jussus
539 2586 694 2646 sanitatem
718 2587 917 2663 recuperavit,
945 2601 1005 2642 non
1028 2586 1219 2660 improbabile

231 2677 347 2732 videtur
371 2693 436 2734 cese
461 2677 498 2734 ab
522 2678 644 2735 Horatio
668 2678 837 2740 methodum
855 2678 956 2753 istam,
984 2694 1060 2751 quae
1084 2694 1139 2735 nec
1163 2683 1248 2735 usu·

234 2765 312 2824 eatis
324 2759 510 2842 comprobata
533 2769 564 2824 et
587 2771 655 2841 post
678 2769 861 2828 nobilitatam
877 2767 998 2826 Antonii
1016 2769 1119 2826 Musae
1137 2787 1219 2828 eura-

134 2893 137 2904 ,
232 2858 342 2916 tionem
359 2860 475 2934 penitus
494 2858 613 2932 explosa
631 2863 725 2936 esset,
751 2861 867 2934 oblique
892 2861 998 2918 tactam
1022 2877 1097 2920 csse.
1130 2863 1219 2920 hodi

234 2948 351 3012 Sueten,
371 2951 471 3012 Octav.
490 2949 554 3006 BL:
574 2951 769 3026 „contrariam
787 2954 817 3008 et
836 2950 995 3025 ancipitem
1006 2953 1148 3010 rationem
1160 2970 1218 3010 me-

235 3038 323 3098 dendi
341 3039 505 3098 necessario
524 3041 629 3120 subiit,
658 3043 727 3116 quia
750 3045 853 3101 calido
873 3039 1009 3112 fomenta
1032 3054 1092 3101 non
1115 3045 1219 3118 prode·

234 3131 315 3206 rant,
347 3128 468 3215 fitpr’dts
502 3132 597 3190 curari
631 3135 765 3209 coactus,
799 3134 916 3191 auctore
945 3135 1075 3192 Antonio
1103 3133 1218 3194 Musa“

235 3219 329 3278 Schol.
352 3223 440 3297 (bap
458 3222 496 3280 ad
514 3223 599 3296 epist.
620 3223 654 3300 1,
674 3224 719 3281 15.
739 3225 782 3282 3.r
807 3223 973 3300 „Antonius
991 3225 1077 3282 Musa
1095 3227 1220 3298 aegritu.-

237 3308 305 3368 dine
323 3311 448 3384 Augusti
466 3317 558 3372 artem
576 3330 658 3370 suam
675 3313 847 3390 illustrarit3
870 3327 942 3370 nam
960 3332 1025 3374 eum
1043 3319 1146 3375 dolore
1164 3335 1221 3374 or-

236 3402 353 3462 dacco
377 3401 521 3464 laboraret
545 3407 576 3462 et
600 3404 639 3461 ad
662 3419 802 3460 summam
819 3403 940 3462 maciem
958 3407 1114 3481 perductos
1132 3413 1220 3485 esset,

237 3495 356 3550 curante
380 3492 505 3550 Aemilio
529 3494 657 3570 medico,
686 3493 737 3566 qui
763 3508 831 3573 eum
858 3495 932 3554 adeo
956 3501 1063 3556 calidis
1090 3498 1219 3576 curabat,

238 3586 273 3639 ut
290 3586 399 3640 tectum
417 3581 541 3646 cubiculi
556 3583 622 3653 ejus
640 3585 799 3644 emarcus
822 3587 965 3663 muniret,
992 3587 1040 3644 hic
1063 3591 1167 3662 postca
1189 3591 1220 3647 in

240 3675 414 3730 manerium
425 3673 519 3731 versis
531 3674 664 3732 omnibus
679 3691 739 3734 non
749 3678 842 3734 solnm
857 3673 1083 3751 pefimcnecm
1092 3677 1220 3758 fripidia

240 3763 295 3824 sed
317 3765 406 3828 etiam
429 3763 613 3840 gargarismis
638 3770 710 3826 caet
736 3784 806 3829 usus
830 3771 891 3846 est,
914 3769 957 3830 ita
980 3771 1013 3828 ut
1036 3769 1115 3834 intra
1134 3771 1220 3830 breve
