2792 4576
500 309 748 376 --ss-

80 457 88 470 ’
152 466 267 530 sianum
285 472 493 547 perhonorifice
513 475 543 528 et
562 473 597 530 de
616 474 759 532 industria
772 471 975 532 commemorat
987 469 1140 546 aliquoties

139 564 182 619 'in
200 564 299 620 altero.
339 564 428 636 GuJus
452 563 483 618 in
507 565 600 637 primo
626 582 744 623 severus
769 567 799 620 et
823 564 979 621 acerrimus
999 563 1092 633 judex
1110 567 1141 620 et

151 654 317 710 aestimator
339 657 450 729 luerat,
475 655 618 725 Lucilium
643 656 741 713 statim
766 656 802 712 ab
826 656 911 711 initio
941 655 1060 712 alterius
1088 654 1139 710 ali-

71 748 75 754 ‘
152 747 258 818 quanto
282 745 388 802 rectius
414 746 445 800 ct
468 747 556 802 multo
581 746 680 802 mitius
707 746 846 818 dijudicat
871 741 919 826 (v.
947 745 991 803 17.
1017 747 1141 817 sapiens

150 827 286 892 Lucilius.
312 853 340 891 v.
360 837 405 892 29.
450 835 542 892 Lucili
566 837 641 913 ritu,
654 835 792 894 'nostrum
811 837 939 893 melioris
958 838 1090 909 utroque.
1111 852 1138 891 v.

151 926 195 982 74.
234 925 384 998 Quidquid
403 942 466 981 sum
485 942 554 1001 ego,
581 930 712 1000 quamvis
736 929 815 984 lutra
832 927 926 984 Lucili
952 941 1070 983 censum
1087 927 1139 983 in-

148 1011 363 1094 poreitumque),
383 1016 426 1072 ita
443 1017 588 1093 proiecto,
614 1022 646 1074 ut
670 1019 728 1074 nisi
747 1018 887 1091 temporis
907 1018 1031 1090 spatium
1050 1018 1139 1075 iuter-

110 1139 113 1158 .
150 1107 273 1164 cessisse
299 1105 378 1162 dicas
402 1109 543 1170 mutatum
567 1108 638 1164 illud
664 1113 694 1165 et
718 1126 736 1165 a
760 1110 857 1183 priore
882 1109 968 1182 piane
994 1109 1140 1164 diversum

146 1195 289 1266 judicium
313 1196 451 1270 explicari
475 1201 608 1270 nequeat.
653 1201 733 1266 Quae
753 1201 849 1256 omnia
868 1199 895 1255 si
913 1198 1139 1275 complectimur,

150 1287 214 1359 quis
241 1287 437 1363 tendentem,
463 1287 513 1359 qui
533 1288 678 1345 diversum
697 1288 913 1361 compositionis
937 1291 1070 1366 tempus,
1096 1286 1140 1346 di·

150 1393 262 1434 versam
281 1380 385 1450 poetae
404 1380 546 1454 aetatem,
566 1382 676 1435 mutata
692 1377 792 1437 studia
810 1379 841 1432 et
859 1391 961 1432 sensus
978 1379 1141 1436 luculenter

150 1467 372 1525 commonstrari
389 1464 560 1539 negaverit
577 1470 639 1525 Iam
658 1469 683 1524 si
702 1468 769 1524 libri
780 1467 816 1523 ll.
837 1467 990 1524 Sermones
1003 1468 1041 1524 ad
1051 1479 1141 1525 unum

49 1592 50 1599 .
150 1575 250 1614 omnes
274 1561 341 1634 post
366 1559 452 1633 primi
477 1562 636 1632 conscripti
660 1560 743 1633 sunt,
774 1557 924 1616 videamus
949 1557 1141 1630 quid'colligi

148 1649 248 1722 possit.
286 1651 361 1707 Nam
380 1666 552 1724 quamquam
569 1649 657 1726 illud,
677 1648 755 1722 quod
766 1648 947 1722 probandum
958 1647 1044 1705 nobis
1063 1663 1139 1704 sum-

147 1740 273 1817 psimus,
306 1740 421 1798 diverso
461 1743 591 1814 tempore
617 1743 646 1797 et
678 1739 833 1812 separatim
857 1743 1010 1812 utrumque
1034 1738 1140 1795 librum

147 1834 321 1904 coclearum
352 1847 433 1906 esse,
465 1831 583 1886 minime
615 1831 752 1901 sequatur
776 1831 955 1886 necessario:
986 1831 1084 1886 tamen
1108 1830 1140 1888 et

148 1921 210 1974 fieri
235 1920 367 1992 potuisse
391 1919 562 1987 intelligitur
586 1919 616 1972 et
640 1919 747 1973 iactum
771 1918 920 1990 probabile
949 1935 1022 1974 esse.
1066 1919 1139 1974 Esto

149 2010 236 2064 enim.
274 2007 376 2064 Fuerit
394 2009 515 2079 uterque
533 2007 616 2085 liber
626 2023 684 2066 uno
704 2007 863 2080 eodemque
883 2010 1012 2079 tempore
1032 2007 1137 2063 editus.

147 2100 238 2156 Eccui
255 2114 314 2154 non
331 2098 435 2170 mirum
453 2097 602 2173 videatur,
621 2098 773 2176 Horatium
792 2098 865 2154 adeo
884 2099 1048 2154 constanter
1067 2099 1155 2152 tem-¹

147 2189 226 2263 poris
251 2189 381 2245 ordinem
407 2206 554 2266 servasse,
586 2191 619 2244 ut
632 2189 753 2245 mullam
783 2189 870 2262 plane
895 2187 1029 2245 habuerit
1054 2203 1138 2258 argu-

146 2279 238 2366 menti
264 2283 295 2335 et
314 2281 530 2354 compositionis
555 2279 712 2356 rationem,
738 2280 789 2354 qui
813 2279 845 2336 iu
869 2279 961 2338 tribus
981 2279 1139 2335 carminum

82 2415 84 2424 ,
145 2371 228 2427 libris
247 2370 421 2439 conjunctim
439 2371 592 2444 publicatis
618 2371 795 2441 singulorum
819 2371 930 2425 natales
955 2370 997 2424 ita
1014 2385 1074 2424 non
1091 2385 1137 2425 re-

42 2485 44 2490 ’
147 2460 260 2534 spexit,
280 2462 313 2514 ut
332 2459 544 2515 diversissimae
564 2461 667 2515 aetatis
687 2461 814 2516 carmina
828 2458 915 2528 juxta
934 2454 1138 2514 collocaveriti

148 2551 207 2606 Cur
224 2549 343 2603 tandem
362 2547 435 2602 adeo
453 2547 647 2618 praevaluerit
665 2549 803 2620 temporis
825 2547 901 2603 ratio
918 2546 950 2601 in
969 2547 1137 2602 Sermonum

146 2638 249 2696 ordine
274 2635 493 2710 constituendo,
518 2636 551 2690 ut
568 2635 616 2692 vel
634 2636 793 2692 Octaviano
815 2636 925 2706 justam
949 2635 1146 2706 denegaverit·

73 2771 79 2779 .
146 2728 362 2788 observantiam
386 2743 421 2781 ea
446 2727 557 2800 aetate,
583 2741 640 2798 qua
664 2726 743 2783 haud
769 2720 856 2783 dubie
875 2726 931 2800 ipsi
950 2713 1041 2785 iuviti
1080 2727 1138 2784 Cur

146 2806 264 2890 tandem
282 2816 584 2873 maledicentissimum
609 2818 675 2874 libri
693 2818 716 2874 Ι.
756 2819 880 2874 satiram,
899 2816 1053 2873 secundam
1078 2818 1136 2872 sta·

146 2911 200 2966 tim
223 2909 255 2965 in
279 2910 372 2964 fronte
397 2907 493 2981 operis
522 2907 620 2979 posuit
644 2910 674 2962 et
703 2907 891 2981 pertinaciter
914 2906 951 2962 de
977 2905 1137 2962 Octaviano

146 3000 252 3075 tacuit,
278 2999 360 3069 cujus
385 2999 432 3054 vel
451 2997 577 3054 secunda
595 3013 681 3054 manu
699 2999 884 3054 honorificam
902 2995 997 3068 potuit
1015 2995 1136 3053 mentio-

146 3105 214 3148 nem
238 3084 353 3146 facerei
393 3088 501 3154 Quidni
527 3088 649 3145 Satiram
667 3088 690 3143 1.
710 3103 832 3162 nonam,
858 3101 939 3156 quus
965 3087 1135 3158 compositio

147 3307 199 3340 cum
215 3291 333 3340 Paldnmo
351 3303 512 3342 communem
528 3303 586 3342 rem
603 3289 738 3352 intelligere
754 3289 885 3352 capotium
901 3285 1047 3351 publicum,
1064 3289 1136 3336 tacite
1224 3281 1229 3344 f

145 3363 226 3406 tamen
250 3362 288 3406 est
310 3358 446 3419 explicatu,
469 3358 526 3419 qnid
548 3359 647 3406 dixerit
678 3356 770 3418 Quippe
787 3369 840 3403 cum
856 3355 1020 3402 Maecenatem
1036 3355 1136 3403 haberet

144 3424 285 3474 familiarem
302 3424 327 3472 et
342 3424 473 3481 fautorem,
490 3425 583 3473 scribac
601 3438 630 3472 eo
641 3423 772 3471 utebantur
783 3421 945 3470 intercessore
961 3434 991 3468 ac
1001 3424 1134 3482 sequestro,

144 3503 247 3552 eumque
268 3489 380 3548 adibant,
404 3491 503 3540 ubires
525 3491 607 3551 gravis
623 3490 748 3551 agebatur.
765 3514 798 3523 —
830 3488 884 3536 Nec
898 3488 979 3536 scriba
1000 3487 1058 3548 tuit,
1081 3499 1134 3533 cum

145 3557 243 3619 scripsit
259 3557 329 3618 epist.
347 3553 371 3613 1,
387 3553 428 3616 14.
445 3554 497 3604 17.:
937 3571 940 3578 ·

224 3617 226 3634 ⁸
293 3622 334 3670 Me
351 3625 462 3670 constare
478 3620 535 3669 mihi
551 3621 600 3668 scis
617 3623 642 3668 et
658 3617 784 3668 discedere
800 3620 906 3678 tristem,

294 3687 487 3750 Quandocnuque
503 3686 601 3734 trahunt
616 3686 695 3734 invisa
710 3685 808 3748 negotia
824 3686 932 3734 Romam.
1004 3691 1006 3697 '

145 3755 276 3802 Caeterum
292 3768 317 3802 v.
334 3767 395 3816 qnae
412 3755 558 3816 interpretes
569 3752 616 3800 hac
627 3751 657 3798 de
668 3765 695 3799 re
710 3749 866 3813 protulerunt*
875 3748 940 3812 apud
955 3746 1036 3799 Risit.
1052 3745 1133 3806 (Suet.

142 3820 204 3883 vit.)
220 3835 244 3882 p.
260 3818 377 3870 10-13.
395 3823 420 3868 et
435 3819 542 3868 Messon.
558 3819 602 3868 vit.
619 3831 642 3878 p.
659 3817 692 3866 74
708 3830 744 3877 sq.

821 3974 824 3982 ,
917 3893 936 3948 3
