2760 4588
237 459 299 528 Sed
321 459 425 522 borum
447 422 621 536 seobiidam,
644 457 675 520 in
697 473 755 542 quo
777 459 825 519 cst
881 493 882 496 =

302 565 433 648 gaudes,
457 561 817 649 apricosluecteldores,

154 687 223 741 ate
247 672 291 758 [p.
315 671 389 754 165]
413 693 491 736 anno
512 672 573 738 729
600 671 762 755 ascriptum
783 670 882 736 rideo.
908 667 1075 747 concedes,
1108 661 1140 732 ni

97 797 102 814 ⁵
154 782 254 860 fallor,
277 780 391 863 aliquot
410 779 497 844 annis
518 779 601 864 prius
616 778 707 844 scribi
721 777 854 863 potuisse
879 775 956 858 ‘quis
978 775 1033 841 sub
1056 786 1139 839 arcto

154 910 213 954 rex
241 887 357 972 gelidae
393 896 545 950 metuatur
574 902 666 966 orae,
704 885 773 969 quid
807 884 965 948 Tiridaten
1000 881 1137 947 temeat'.

153 997 235 1061 illum
257 995 336 1058 enim
358 993 412 1059 sub
433 1005 517 1058 arcto
538 995 754 1077 regem'ercdo
776 991 830 1056 tibi
852 1011 954 1055 eornm
977 1011 1046 1055 esse
1063 988 1139 1076 Scy·

75 1153 79 1163 ,
101 1155 102 1162 ,
154 1105 270 1170 tbarum
292 1121 415 1187 morum
436 1100 552 1164 auxilio·
571 1098 703 1166 Iustinus
727 1091 848 1185 [XLIL
872 1101 904 1178 5,
927 1097 962 1182 5]
984 1097 1138 1179 Phraaten

153 1201 329 1296 in'rcguum
350 1209 521 1274 restitutum
543 1228 612 1272 esse
641 1208 762 1286 scribit,
796 1228 870 1290 quos
901 1205 1047 1270 Tanaitas
1079 1206 1138 1268 alio

154 1320 285 1384 earmina
316 1314 395 1400 [ΠΙ,
417 1315 472 1400 29]
504 1326 593 1399 poeta
622 1315 787 1398 significata
819 1315 873 1377 sed
894 1315 931 1376 dc
953 1325 1087 1398 tempore
1108 1324 1138 1376 te

152 1425 286 1501 Iustinus
318 1424 451 1508 decepit,
485 1424 535 1506 qui
566 1445 632 1486 oum
664 1421 789 1485 deberet
821 1421 921 1484 dicere
951 1443 1017 1484 eum
1038 1419 1138 1487 Dione

155 1531 233 1616 [LI,
256 1530 311 1615 te]
340 1531 372 1594 iu
399 1530 504 1594 Asiam
533 1530 570 1593 ad
593 1526 758 1595 Caesarem
778 1528 947 1615 prologisse
968 1527 1138 1606 Tiridaten,

153 1639 298 1724 perverse
321 1639 364 1700 ‘in
385 1636 532 1723 Hispania
552 1637 662 1702 bellum
683 1637 766 1702 lutto
787 1635 952 1720 ternpota'e
973 1633 1139 1720 gerentem'

153 1743 324 1826 somniauit,
347 1746 425 1829 quod
445 1746 568 1810 videbat
588 1744 722 1828 Trogum
744 1743 908 1822 subiecisse
932 1742 964 1826 [5
986 1743 1040 1826 10]
1065 1763 1140 1828 quae

154 1857 235 1938 ‘post
255 1855 329 1916 bace
357 1851 442 1914 finito
467 1849 663 1936 Hispaniensi
690 1834 784 1912 bello’v
807 1861 895 1934 gesta
924 1859 1037 1914 essent.
1071 1851 1139 1934 quid

153 1962 231 2045 quod
250 1961 282 2023 in
304 1961 409 2024 eodem
436 1960 568 2023 mommo
596 1957 672 2021 alius
699 1977 809 2022 versus
837 1957 918 2020 inest
944 1977 1050 2041 parum
1069 1979 1140 2022 con·

153 2069 240 2132 cinnc
261 2067 454 2150 compositus,
807 2129 808 2136 ,

301 2176 378 2252 buno
398 2169 513 2238 Lesbio
523 2172 529 2258 1
541 2193 662 2238 sacrare
675 2171 679 2258 Ι
690 2174 817 2257 plectro,

153 2282 334 2347 cuinullum
363 2283 452 2346 alium
481 2282 608 2346 similem
639 2281 794 2365 reperias.
828 2260 996 2364 quiahodie
1027 2273 1138 2360 Latine
1218 2289 1219 2296 ’

70 2391 74 2402 ’
153 2401 330 2472 poetantur,
354 2389 385 2452 in
400 2401 465 2452 arte
480 2389 523 2450 illi
534 2389 622 2450 valde
635 2389 794 2451 dissimiles
807 2385 905 2452 Statio
919 2386 1002 2470 [silv.
1016 2385 1075 2466 lv,
1089 2387 1136 2472 5]‚
1189 2375 1191 2381 ⁵

154 2505 268 2578 tantum
287 2497 373 2556 abest
390 2504 423 2555 ut
437 2493 509 2556 talia
530 2493 646 2572 vitent,
669 2504 703 2558 ut
723 2515 790 2583 non
805 2495 984 2556 erubescant
1004 2494 1138 2558 seribere
1228 2537 1237 2544 -

302 2599 371 2682 quid
393 2598 776 2684 debeantlserilnepotes.

154 2718 187 2771 at
206 2706 292 2770 cultis
314 2705 435 2770 Horatii
455 2707 576 2770 auribus
605 2706 637 2769 in
658 2718 764 2790 quarta
791 2707 888 2771 buius.
906 2707 1050 2774 versiculi
1077 2705 1138 2795 syl-

44 2861 48 2871 „
109 2829 111 2834 ’
153 2815 222 2878 laba
243 2814 384 2879 desinens
404 2814 664 2879 vocabulum‘non
686 2815 759 2878 satis
781 2815 921 2894 faciebat,
944 2816 1003 2880 nisi
1023 2816 1054 2880 id
1074 2839 1137 2882 mo*
1207 2879 1210 2884 .

160 2922 331 3008 aosyllabon
353 2933 447 3000 esset,
472 2922 526 2986 boe
547 2923 647 3002 modo,

301 3029 463 3112 vernisque
474 3028 478 3112 ξ
489 3029 549 3091 iam
561 3027 565 3113 Ι
576 3029 682 3092 nimbis
694 3029 699 3112 Ι
709 3029 843 3093 remotis.

301 3157 370 3220 spes
392 3135 487 3199 omnis
499 3135 504 3220 Ι
515 3147 546 3198 et
556 3144 561 3220 Ι
572 3138 691 3200 fortuna
702 3135 707 3220 Ι
717 3137 823 3200 nostri.

154 3244 329 3309 vocabulum
351 3243 468 3326 longius
490 3255 612 3328 praeter
647 3245 737 3308 ‘bunc
757 3242 883 3307 Lesbio'
918 3244 1136 3310 inveni.semel

154 3353 206 3416 illa
226 3336 342 3436 syllaba
362 3351 494 3430 linitum,
524 3353 577 3416 sed
598 3351 713 3414 leniore
735 3351 950 3434 compositione
972 3364 1003 3416 et
1022 3353 1054 3417 in
1075 3375 1134 3418 uno

156 3480 196 3524 ex
215 3459 275 3524 illis
296 3479 416 3538 novem,
439 3479 515 3541 quae
537 3459 614 3538 dixi,
635 3458 827 3538 carminibus,
851 3456 911 3541 ΠΙ,
931 3460 965 3542 3]

302 3603 369 3655 sors
391 3577 709 3675 eaditmaletlnoslin
730 3602 885 3654 aeternum

302 3698 424 3762 exilium
444 3697 611 3784 inpositura
631 3698 766 3784 cymbae.
1039 3775 1040 3784 ἵ
1174 3778 1178 3786 Ι

236 3801 321 3868 Hace
352 3806 444 3889 igitur
471 3827 490 3869 a
517 3827 565 3871 me
597 3805 666 3870 olim
698 3805 843 3872 levandae
869 3795 1133 3870 ¹immodulaterum

951 3904 986 3961 16
