2776 4582
617 271 821 338 edu-

235 431 325 506 essm,
344 438 406 494 tum
423 449 460 493 ne
479 433 599 494 mortuis
616 433 733 510 quidem
745 435 930 512 pepercisset.
968 437 1064 506 Quare
1079 395 1212 502 uberiore

234 528 289 585 hac
311 527 425 599 tironii
449 526 583 584 irrisione
607 543 638 584 se
663 540 724 584 uon,
744 526 887 586 immerito
910 538 1003 602 nuper
1032 530 1062 588 ei
1086 531 1211 591 illusisse

135 691 138 702 1
209 617 376 696 ostendit,
400 620 487 691 atque
510 617 543 674 iu
565 617 681 692 reliqua·
701 618 807 676 satirae
834 621 933 696 parte,
965 619 1033 678 dnm
1056 621 1211 682 amicorum

232 703 305 766 ¹'vitia
326 709 431 766 leniter
454 707 572 766 terenda
600 722 655 767 nec
685 707 782 765 omnia
810 712 929 783 5555515
959 711 1109 770 fastidiose
1138 726 1214 787 pred

231 799 337 858 menda
353 815 418 856 esse
437 800 572 875 5555511,
597 815 615 856 a
638 799 757 857 crimine
784 801 953 858 temerariae
977 803 1129 860 vellicanti
1145 805 1211 862 libi-

232 890 308 949 clinis
327 906 392 948 sese
411 889 555 966 defendit,
580 892 612 947 et
631 891 743 947 tautum
760 890 893 948 candoris
918 892 1014 951 auimo
1037 905 1090 950 suo
1113 894 1210 952 inesse

230 981 350 1056 prohat,
375 982 513 1055 quantum
536 982 615 1037 atrae
640 979 711 1038 bilis
735 981 877 1040 criminati
907 982 966 1040 rint
995 983 1209 1042 obtrectatores.

229 1073 277 1129 lta
294 1072 364 1130 satis
383 1073 475 1128 artam
491 1072 613 1146 apparet
631 1072 844 1129 cohaerentiam
855 1083 920 1130 esse
938 1073 1015 1131 iuter
1033 1077 1070 1132 2(
1080 1075 1145 1132 atii.
1166 1091 1212 1132 sa·

229 1163 324 1221 tirum.
360 1161 512 1220 Praeterea
537 1171 602 1218 etun
625 1163 740 1234 Tigellii
762 1164 901 1223 memoria
923 1164 1052 1222 nondum
1066 1164 1213 1226 ,emuncta

230 1254 324 1329 esset,
341 1252 393 1318 rix
410 1254 525 1326 poterat
535 1267 641 1324 magno
657 1255 796 1328 temporis
814 1255 999 1327 intercapedo
1017 1256 1211 1312 interutrius·
1233 1269 1240 1273 ·

228 1359 288 1417 qne
305 1344 542 1418 compositionem
560 1359 634 1402 esse.
669 1345 802 1406 Alterum
826 1344 904 1420 quod
920 1345 1019 1421 posui,
1046 1345 1164 1425 aetnam
1182 1345 1209 1403 3.

229 1433 311 1492 brevi
334 1438 404 1509 post
427 1435 550 1509 primam
570 1437 804 1506 congressionem
822 1437 958 1509 scriptam
982 1451 1061 1512 esee,
1086 1433 1211 1508 primum

227 1526 368 1600 probatur
385 1518 569 1598 argumento,
588 1538 646 1595 quo
663 1527 773 1581 nullum
790 1527 878 1599 poeta
889 1526 984 1598 aptius
1004 1525 1109 1596 eligere
1127 1527 1209 1598 pote·
1332 1525 1335 1530 '

49 1661 53 1672 ,
117 1601 120 1604 ’
227 1616 336 1674 55151
360 1613 537 1671 Maecenatis
561 1613 688 1668 murnum
712 1613 770 1672 sibi
799 1614 1009 1672 conciliandum
1038 1624 1209 1690 omnemque
1325 1673 1327 1678 ,

227 1703 413 1774 malignitatis
439 1701 630 1776 suspicionem
647 1704 851 1762 removendam
874 1697 927 1784 (ct.
953 1705 1070 1762 Kirchn.
1097 1708 1207 1779 quaest

227 1811 256 1869 p
276 1795 321 1851 53.
341 1790 370 1870 g.
389 1793 452 1874 9.);
471 1791 576 1850 deinde
593 1807 665 1851 vero
683 1793 780 1851 verbis
799 1794 872 1852 illis:
891 1797 1035 1871 ,aealmn
1053 1808 1102 1855 me
1118 1809 1210 1868 coepe

227 1885 353 1944 libenter
369 1885 525 1944 obtulerint
551 1885 618 1960 llll,
641 1887 834 1944 Maecenaav
875 1875 955 1943 Haec
980 1885 1057 1951 enim
1082 1885 1209 1962 „timidi-

226 1980 318 2034 tatsm
334 1975 479 2051 quandam
497 1977 583 2048 atque
602 1974 744 2032 incertam
758 1987 824 2032 sese
842 1975 962 2045 gerendi
985 1976 1126 2034 rationem
1144 1991 1209 2034 cum
1302 1961 1306 1976 ¹
1385 2059 1386 2066 ἵ

226 2068 365 2140 longioris
383 2081 452 2123 usus
470 2069 557 2140 atque
575 2065 776 2122 lanriliaritatir
796 2064 967 2122 confidentia
984 2079 1087 2138 parum
1105 2081 1208 2124 convc-

226 2155 373 2214 nientem''
391 2155 513 2229 prodere
532 2155 640 2228 optime
658 2155 807 2228 perspexit
827 2155 975 2212 Kirchner.
989 2158 1100 2228 quaest.
1113 2169 1144 2230 p
1160 2157 1205 2213 53.
1263 2153 1266 2159 ’
1384 2151 1386 2168 ⁴

226 2245 255 2324 §.
274 2247 302 2302 a
338 2245 401 2302 laur
425 2256 492 2301 cum
514 2244 651 2302 Horatius
675 2247 727 2300 aut
749 2255 777 2300 a.
802 2244 865 2300 715.
891 2248 1016 2302 exeunte
1042 2248 1093 2302 aut
1123 2246 1207 2306 initio

227 2335 374 2411 sequentis
383 2335 581 2392 Maecenatem
591 2333 716 2407 primum
727 2333 903 2410 convenerit,
915 2335 1064 2409 probabile
1074 2337 1116 2425 11,
1133 2340 1205 2396 sati·

225 2443 295 2486 rem
312 2430 344 2486 a.
363 2425 414 2484 illo
432 2427 547 2485 circiter
556 2431 687 2498 tempore
703 2427 731 2484 lc
750 2442 774 2484 e.
793 2426 887 2482 Mente
899 2441 970 2483 aue.
985 2427 1063 2485 715.
1081 2434 1110 2485 et
1126 2429 1205 2487 716.

225 2525 390 2578 emeretur
407 2531 480 2574 esce.
516 2516 561 2574 lta
577 2515 762 2572 Weichertus
781 2525 894 2592 quoquc
914 2516 1015 2573 statuit
1035 2517 1071 2574 rle
1089 2519 1155 2576 Ver.
1176 2521 1206 2575 et
1293 2531 1296 2536 ·

226 2608 307 2668 Gaea.
324 2619 354 2680 p.
374 2608 419 2664 41.
438 2609 515 2681 poet.
527 2607 578 2664 rel.
591 2623 620 2681 p.
633 2606 713 2682 151,
733 2607 897 2664 etPaasov.
918 2608 967 2664 vit
981 2608 1048 2666 Hor.
1068 2609 1204 2666 551166.
1276 2645 1279 2652 ·

226 2694 274 2778 [in
292 2697 361 2755 edit.
380 2699 435 2754 sat
454 2691 601 2776 (Berolin.
622 2693 815 2862 lSilkpag.
842 2697 886 2756 ie.
911 2715 938 2758 a.
964 2698 1066 2760 ila-,-
1078 2694 1147 2777 18.].
1165 2729 1204 2740 -

225 2789 373 2848 Kirchner.
398 2787 431 2843 in
454 2790 564 2861 quaest.
587 2803 618 2862 p.
642 2786 687 2844 52
766 2787 783 2842 7
794 2789 871 2844 -9.
898 2803 961 2844 eam
985 2787 1110 2842 exeunte
1127 2801 1203 2859 anne

223 2881 288 2939 116.
307 2881 359 2937 551
375 2878 460 2936 initio
478 2876 624 2951 sequentis
643 2877 778 2952 scriptam
795 2879 894 2953 putat3
913 2875 1021 2932 Grutci
1040 2889 1070 2948 p.
1089 2875 1154 2934 161.
1172 2876 1201 2935 b.

224 2969 383 3030 5555118.
966 2975 968 2982 ’

297 3059 461 3117 ΕΔΜ
482 3057 543 3115 Νι
573 3059 722 3136 ,Μὴ
752 3064 842 3136 utque
871 3056 1032 3116 1115111155),
1059 3058 1096 3115 ob
1125 3074 1199 3116 vers.

224 3151 270 3207 er.
290 3155 320 3207 et
337 3152 399 3210 aa:
418 3165 499 3228 „epo
520 3151 549 3208 ri
564 3152 636 3226 risi,
659 3153 741 3224 quod
762 3153 881 3222 ereptos
904 3147 1047 3208 Pastillos
1068 3145 1201 3220 Rufillus

224 3244 297 3314 olet,
322 3241 499 3314 1155955155
520 3241 668 3316 lc'rcrma’t
684 3241 716 3298 iu
734 3241 839 3314 quilius
857 3237 1011 3314 respicitur
1027 3255 1054 3296 v.
1074 3240 1120 3296 27.
1139 3241 1199 3296 Sat.

226 3331 254 3408 1,
272 3331 316 3407 2,
335 3331 484 3388 evidenter
500 3334 566 3404 pust
584 3331 657 3388 hanc
677 3333 793 3388 exarata
811 3329 872 3405 ret,
890 3331 921 3385 et
937 3330 1065 3403 proxime
1084 3330 1200 3403 quictem

218 3417 292 3510 'post
307 3421 432 3477 tertiam.
468 3422 517 3478 Nil
535 3424 612 3478 certe
629 3421 714 3493 video
733 3417 810 3490 quod
827 3419 895 3478 huic
909 3421 1064 3493 suspicioni
1082 3421 1198 3492 0511515-

224 3517 288 3590 tur,
312 3515 344 3570 et
367 3511 451 3585 plcre
472 3514 543 3568 sunt,
562 3526 635 3584 qnae
652 3505 814 3590 ι5151111551.
852 3511 935 3570 Rem·
947 3511 990 3566 ita
1014 3525 1045 3566 se
1063 3510 1198 3570 habuisse

219 3599 374 3678 *probabile
391 3604 444 3659 est.
481 3601 539 3666 Qui
556 3600 653 3673 inique
673 3599 808 3677 tulerant,
826 3601 904 3674 quod
914 3600 1049 3658 Horatius
1068 3601 1198 3658 insatira

216 3675 253 3752 ¹¹2.
272 3711 408 3771 perversa
424 3692 569 3750 hominum
588 3689 685 3748 studia
701 3694 731 3748 et
754 3709 858 3766 pravos
876 3704 971 3750 morea
993 3690 1196 3750 1115555155-

226 3789 288 3862 set,
306 3787 419 3865 etita,
442 3785 475 3856 ut
497 3783 545 3842 rel
566 3781 709 3842 nobilibus
734 3783 803 3846 rius
828 3787 858 3842 et
875 3779 1017 3857 primariis
1035 3783 1215 3856 pewlenter.
1246 3785 1254 3794 ‘
