2760 4588
478 343 488 352 -
622 319 826 385 -eao-

161 461 166 472 ’
243 482 376 562 mhouis,
398 503 485 566 mam
504 482 548 546 illi
568 493 682 547 tuntum
702 494 893 560 contemnunt
913 493 1052 567 quantum
1073 486 1216 548 uos'exi-
1309 531 1311 575 ἰ

243 589 312 654 liter
325 601 357 654 et
369 589 435 666 siue
448 589 567 674 iugenio
581 591 715 673 quaesita
728 590 951 654 contemnimus.
967 601 1062 670 recte,
1084 591 1214 674 iuquam,

242 697 343 780 agis}
359 697 437 786 quocl
458 717 510 761 eos
531 697 640 762 leuiter
660 697 831 780 castigando
852 707 950 760 tentas
971 698 1008 761 ad
1028 677 1216 770 verumtca-
1308 700 1311 751 1

245 804 370 868 duceres
400 803 524 886 quodsi
546 825 601 888 ego
622 803 717 888 palam
740 803 868 868 dicerem
890 815 920 868 te
941 804 1012 866 mihi
1032 804 1130 868 videm
1150 826 1216 869 rem

242 921 326 977 recte
341 921 372 974 et
381 931 470 995 saepe
485 911 605 995 egregie
619 911 855 990 administrasse,
874 931 973 974 noune
987 911 1030 974 illi
1045 922 1075 974 te
1094 922 1217 996 propter

243 1038 398 1083 assensum
425 1038 522 1082 meum
538 1028 718 1102 contemptu
746 1027 778 1082 et
797 1008 939 1082 conviciis
961 1017 1079 1101 ὥςηιιιιι
1105 1018 1216 1082 iudica-

243 1126 330 1190 rent?
348 1124 448 1207 itaque
470 1145 538 1209 ego,
559 1134 593 1189 ut
611 1125 714 1203 vides,
743 1144 799 1188 uec
819 1123 1007 1209 bibliopolae,
1029 1126 1165 1188 neforto
1187 1125 1216 1188 ei
1245 1165 1250 1174 ·

242 1231 378 1298 lucellum
398 1229 513 1316 pereat,
535 1232 608 1296 satis
629 1233 728 1296 facere
748 1251 887 1316 possum,
909 1242 941 1296 et
952 1243 992 1320 tu
1012 1251 1083 1295 cure
1104 1241 1138 1294 ut
1157 1231 1216 1295 dis·

242 1337 363 1402 simules
384 1359 432 1402 me
452 1339 608 1424 plerasque
630 1359 732 1402 omues
745 1338 878 1403 rationes
893 1349 958 1402 tuas
973 1337 1060 1402 valde
1074 1337 1212 1422 probare,

203 1429 206 1442 ¹
244 1454 276 1509 et
295 1465 331 1508 eo
352 1446 468 1528 quidem
489 1431 694 1510 vehementius
716 1467 772 1529 quo
793 1446 878 1531 plura
898 1445 952 1509 vel
968 1439 1081 1509 [emere
1103 1445 1215 1508 credita

195 1619 197 1624 ,
241 1553 292 1617 vel
311 1552 398 1618 vanis
420 1553 646 1618 dubitationibus
666 1563 779 1617 vexata
798 1553 870 1616 mihi
886 1553 923 1614 ad
936 1573 1041 1616 verum
1053 1571 1214 1616 revocasse

241 1659 325 1724 visus
346 1658 450 1724 fueris.

322 1763 427 1830 Nihilo
448 1763 556 1842 mium,
577 1783 615 1828 ue
636 1764 707 1828 mihi
727 1763 833 1828 librum
853 1765 966 1828 trustra
985 1759 1115 1846 dederis,
1137 1785 1213 1830 uere

242 1892 298 1956 ego
319 1891 386 1936 eum
406 1873 519 1935 frustra
537 1870 722 1955 percurrisse
742 1870 848 1935 videar
874 1871 1023 1956 (percurri
1043 1873 1133 1953 enim,
1155 1893 1222 1940 uou.

166 2029 169 2038 ,
241 1978 390 2066 perlegi),
421 1978 552 2048 scribam,
569 1979 606 2043 ad
627 1989 658 2042 te
680 1979 821 2062 praedam
842 1999 903 2042 uon
928 1999 1001 2044 saue
1027 1979 1127 2063 magni
1152 2001 1215 2042 mo-

219 2087 352 2166 ¹urenti,
374 2087 429 2152 secl
449 2084 570 2169 quibus,
600 2085 684 2169 siqua
705 2087 782 2149 forte
802 2105 910 2150 recem
931 2085 1054 2154 iuventa
1072 2085 1214 2151 volumini

240 2195 350 2260 addere
369 2193 459 2272 velis,
479 2193 559 2256 iuter
578 2202 630 2256 tua
649 2203 734 2256 utare
754 2213 808 2277 pro
829 2191 899 2256 huis.

174 2403 177 2413 ι
321 2322 370 2391 De
391 2323 485 2408 epodo
506 2323 635 2388 secuuclo
655 2323 805 2388 videbaris
825 2323 897 2388 mihi
919 2322 962 2408 [p.
986 2324 1037 2388 27.
1061 2323 1136 2406 124]
1158 2343 1213 2388 ue-

223 2419 315 2516 'scio'
332 2451 391 2516 qua
418 2431 483 2495 sive
511 2430 634 2497 iuvenili
669 2430 854 2515 coniectandi
887 2424 1115 2515 intemperantia
1148 2431 1213 2496 sive

240 2559 398 2625 pravarum
420 2521 659 2604 observationum
680 2538 856 2623 contagione
870 2539 955 2603 nimis
971 2537 1118 2602 sumtiliter
1130 2530 1213 2622 iguo.

240 2647 346 2711 rubilia
379 2645 503 2710 umatus
538 2665 626 2725 esse,
660 2656 695 2710 ut
728 2656 878 2730 postremo
913 2667 973 2709 uon
1001 2645 1117 2729 quidem
1145 2645 1213 2728 quid

240 2749 373 2839 luppiter·
392 2750 499 2846 Iunoni
518 2752 550 2816 in
570 2741 691 2831 semem,
724 2753 778 2816 sed
799 2762 898 2816 tamen
926 2752 995 2842 quiid
1015 2751 1095 2816 iuter
1115 2772 1149 2816 se
1169 2751 1213 2816 illi

242 2841 409 2926 ‘consortes
431 2859 538 2938 studii,
568 2859 616 2944 pia
637 2859 743 2939 turba,
771 2858 888 2944 poetee'
916 2859 1065 2943 egissent,
1094 2858 1147 2922 tibi
1167 2857 1212 2922 vi-

240 2967 355 3032 dereris
369 2967 555 3050 intellegere.
571 2977 655 3032 certe
676 2987 732 3050 ego
746 2966 882 3031 hebetior
895 2965 1127 3050 Virgiliauorum
1148 2985 1212 3030 ear·

239 3077 349 3140 minum
369 3076 401 3140 iu
420 3073 472 3138 illo
493 3074 586 3158 epodo
607 3074 716 3138 nullam
729 3073 859 3139 litteram
873 3094 1013 3157 agnosco.
1036 3072 1124 3136 immo
1141 3070 1212 3134 mihi

141 3237 149 3256 ,
239 3200 334 3266 nuper
353 3179 502 3268 Gruppius
522 3183 554 3245 iu
573 3182 649 3246 libro
670 3201 757 3265 quem
777 3181 813 3245 ‹le
835 3179 932 3264 elegia
943 3179 1079 3243 Romane
1093 3178 1213 3262 scripsit

241 3287 287 3373 [p.
307 3288 388 3370 392]
418 3289 529 3354 'libelli
550 3289 691 3372 quosdam
711 3308 818 3356 versus
846 3308 911 3352 eum
938 3285 1064 3350 Horatio
1095 3306 1212 3370 compo-
1298 3356 1301 3366 Δ

240 3395 339 3461 suisse
359 3394 410 3458 vel
430 3393 526 3480 aptius
546 3397 584 3462 ad
605 3396 839 3481 persuadendum
860 3393 995 3474 violeum,
1026 3413 1092 3458 eum
1112 3403 1211 3455 tamen

240 3513 355 3568 oertum
374 3501 416 3566 sit
435 3501 591 3567 Horatium
618 3503 651 3566 in
679 3501 780 3585 epodis
808 3500 846 3565 erl
872 3499 983 3564 Tibulli
1013 3499 1143 3563 carmina
1163 3517 1211 3560 re-

176 3663 177 3668 .
239 3610 356 3694 spicere
377 3631 437 3674 nou
456 3609 606 3694 potuisse,
634 3608 693 3672 uisi
712 3608 743 3671 iu
763 3607 881 3672 Tibullo
901 3615 1003 3686 meas,
1031 3606 1064 3669 in
1083 3603 1211 3668 llomtio

239 3727 307 3782 tuas
327 3728 490 3802 temporum
509 3715 641 3780 rabones
661 3715 858 3806 repudiemus.
884 3735 945 3802 =ego
966 3714 1022 3776 hoe
1049 3731 1138 3776 uuum
1165 3711 1212 3776 vi-

241 3823 316 3904 deo,
337 3823 463 3892 Horatio
484 3823 611 3890 iambum
631 3823 803 3890 Archilochi
823 3832 892 3886 ante
913 3820 1015 3886 oeulos
1037 3819 1150 3898 luisse,
1173 3819 1211 3883 al
