2760 4588
230 451 250 508 i.
270 437 296 506 ο.
317 462 392 504 auno
411 445 474 503 738.
495 445 653 520 etquidem
672 450 739 521 post
751 446 974 505 celebrationem
991 447 1126 506 ludorum
1137 448 1220 508 Acti-

142 595 145 603 ,
230 555 362 614 acorum,
387 537 416 594 h.
443 554 468 593 e.
493 540 561 622 post
586 536 614 593 d.
639 537 687 597 1v.
725 538 800 596 Non.
826 539 905 612 Sept.
925 531 999 619 (Dio
1018 540 1072 616 54,
1098 541 1144 598 19.
1167 542 1217 599 fin.

228 632 357 687 Messon.
376 627 444 686 lani
462 627 560 702 templ.
579 631 699 685 reserat.
718 646 748 703 p.
768 624 865 709 174.),
891 633 989 687 coorta
1007 629 1124 704 quidem
1141 631 1219 690 bella

229 722 297 779 huie
315 718 485 794 profectioni
498 718 700 796 praetendens,
718 736 821 777 revera
830 723 942 796 tamen,
963 722 1068 780 sifides
1084 722 1221 802 habenda

229 813 319 874 Dioni
338 809 475 869 Cassiol
499 809 535 885 L,
560 809 640 883 quod
663 813 783 884 propter
807 811 973 871 diuturnam
996 816 1027 868 et
1047 817 1220 888 perpetuam

229 902 424 979 praesentiam
442 900 591 975 permultis
611 917 643 957 se
660 902 816 985 molestum
832 902 1014 977 invisumque
1026 905 1133 961 iactum
1152 921 1219 962 esse

228 994 319 1070 probe
338 991 519 1064 intelligeret
555 989 684 1048 Fuerunt
708 992 797 1050 etiam
821 993 871 1068 qui
894 997 1049 1069 propterea
1067 1011 1134 1051 eum
1150 995 1218 1051 reli·

229 1087 328 1161 quisse
346 1085 448 1142 urbem
467 1083 698 1160 suspicarentur,
717 1087 750 1140 ut
769 1100 805 1141 eo
822 1085 942 1144 liberius
955 1085 1108 1144 Terentiae
1127 1086 1220 1142 amori

228 1180 329 1254 posset
347 1175 514 1250 indulgere,
540 1173 577 1230 de
603 1190 660 1248 qua
684 1191 716 1231 ro
741 1175 825 1232 multi
848 1176 957 1233 Romae
974 1163 1219 1251 rumores'sparsi

229 1271 321 1326 erant.
358 1266 496 1322 Poterant
514 1280 584 1322 sane
603 1265 673 1322 talia
691 1282 860 1341 permovere
878 1267 1057 1344 Augustum,
1076 1270 1110 1324 ut
1126 1268 1220 1324 Roma

229 1360 379 1416 abiret-
395 1372 464 1412 nam
482 1356 549 1412 ficta
567 1372 602 1412 ea
626 1374 691 1414 esse
717 1360 750 1413 et
770 1359 843 1416 falsa
860 1359 966 1430 iniuria
983 1359 1093 1416 dixeris
1110 1389 1148 1401 —
1166 1358 1220 1415 sed

149 1463 153 1470 ’
176 1471 178 1476 ·
227 1447 365 1534 primaria
383 1449 481 1504 tamen
499 1447 613 1503 itineris
632 1465 735 1505 caussa
752 1448 831 1506 haud
849 1449 937 1508 dubio
956 1466 992 1506 ea
1010 1453 1088 1527 orat,
1108 1453 1140 1506 ut
1158 1453 1218 1506 tur·

227 1542 361 1599 bulentos
380 1537 622 1610 transalpinarum
640 1540 768 1608 gentium
786 1543 881 1597 motus
899 1543 1055 1598 coerceret.
1092 1541 1167 1598 Nam
1185 1541 1225 1596 ut'

228 1632 312 1689 multi
337 1629 454 1685 omniuo
483 1643 519 1684 eo
543 1628 682 1700 temporis
711 1632 806 1688 tractu
834 1632 935 1687 eontra
961 1631 1108 1688 Romanos
1138 1647 1218 1688 arma

226 1722 419 1794 sumpserant,
434 1715 508 1797 (Dio
533 1718 586 1793 54,
611 1712 689 1797 20.):
714 1718 757 1777 ita
780 1720 937 1779 maximum
961 1726 992 1779 et
1016 1723 1218 1797 gravissimum
1256 1789 1257 1798 χ

227 1813 335 1870 bellum
359 1809 498 1867 adversus
525 1810 683 1866 Germanos
709 1811 867 1880 gerendum
892 1817 963 1870 erat.
1006 1813 1098 1888 quue
1121 1816 1218 1888 ipsum
1262 1811 1267 1816 “

219 1905 285 1964 ,Dio
305 1920 336 1959 se
356 1901 501 1972 corrigens
519 1899 552 1957 in
576 1915 678 1956 caussa
702 1901 791 1958 fuisse
817 1903 904 1980 dicit,
929 1907 962 1961 ut
978 1905 1127 1983 Augustus
1145 1904 1217 1962 urbe

220 1994 342 2053 ¹abierit.
378 1992 538 2068 Spqamdrt
562 1990 641 2047 euim
673 1991 814 2064 vesperae
837 1995 1129 2054 structurarum
1155 1996 1218 2067 iam
1292 2022 1297 2032 ·

226 2089 314 2143 antea
338 2084 482 2142 Romanos
508 2081 648 2156 quosdam
672 2082 733 2140 suis
756 2082 789 2140 in
806 2084 910 2141 finibus
930 2085 1126 2159 deprehensos
1139 2087 1218 2150 cruci

227 2177 403 2251 affixissent,
428 2177 490 2230 tum
514 2173 648 2229 Rhenum
671 2174 844 2244 transgressi
869 2175 992 2231 Galliam
1020 2174 1216 2254 devastarent,

228 2267 388 2340 equitatum
405 2265 566 2321 Romanum
585 2266 684 2321 contra
702 2281 733 2318 se
752 2263 872 2318 missum
884 2280 938 2336 per
955 2265 1076 2322 insidias
1095 2267 1216 2324 cucum-

227 2357 368 2414 veueraut
380 2355 410 2410 et
422 2371 440 2410 a
452 2354 627 2424 fugientibus
647 2369 737 2426 usque
749 2353 788 2411 ad
798 2355 923 2422 Lollium
933 2358 1113 2429 praefectum
1129 2372 1215 2432 prae·
1234 2400 1236 2407 ,

226 2453 274 2506 ter
291 2445 457 2521 opinionem
474 2445 560 2502 tracti
578 2445 655 2506 hune
668 2459 781 2519 quoque
793 2446 932 2503 vicerant.
952 2447 1033 2514 Quae
1042 2447 1135 2520 turpis
1148 2448 1216 2505 Lol·

225 2541 259 2598 lii
277 2538 389 2622 clades,
409 2553 466 2618 qua
484 2537 602 2609 quintae
620 2537 741 2610 legionis
766 2536 863 2610 aquila
887 2538 994 2596 amissa
1018 2541 1064 2596 est
1081 2533 1140 2620 (ci
1157 2538 1216 2596 Dio

227 2632 274 2706 54,
293 2630 339 2684 20.
358 2627 430 2686 Vell.
449 2627 477 2704 2,
496 2628 542 2684 97.
562 2629 629 2685 Tae.
649 2629 726 2685 Anu.
746 2627 773 2703 1,
794 2622 872 2708 10.),
897 2629 1012 2686 etiamsi
1036 2631 1153 2702 majoris
1171 2631 1215 2686 in-

180 2722 185 2729 ’
227 2719 331 2778 famiae
349 2733 436 2792 quam
456 2717 620 2775 detrimenti
639 2721 733 2794 esset,
752 2721 786 2774 ut
803 2718 846 2776 ait
865 2713 981 2778 Sueten.
1002 2720 1065 2779 Oct
1076 2721 1142 2798 123,
1162 2721 1216 2776 im·

227 2809 301 2886 pulit
319 2812 416 2866 tamen
433 2809 612 2885 Augustum,
630 2813 664 2867 ut
681 2810 753 2866 istos
778 2809 910 2884 populos*
926 2811 1063 2868 citissime
1082 2811 1147 2884 ipse
1166 2827 1215 2883 ag·

225 2903 402 2974 grederetur.
439 2900 540 2974 Neque
559 2902 656 2958 tamen
674 2917 748 2974 opus
773 2905 837 2958 erat
856 2917 961 2975 pugna.
999 2901 1075 2958 Nam
1098 2887 1215 2960 baibari

224 2997 259 3050 ut
277 2994 401 3056 Lollium
419 3008 499 3058 arma
516 3007 619 3066 parare
638 2994 668 3048 et
686 2992 854 3064 ,Augustum
879 3009 944 3049 cum
962 2993 1091 3066 exercitu
1110 3009 1214 3068 appro-

226 3085 366 3158 pinquare
393 3087 603 3160 cognoverunt,
628 3083 661 3139 in
684 3086 791 3140 terram
817 3100 898 3140 suam
915 3073 1091 3141 recedebant
1109 3089 1139 3140 et
1158 3085 1215 3162 ob-¹

227 3175 337 3233 sidibus
356 3175 431 3242 datis
450 3191 551 3251 pacem
575 3173 802 3249 paciscebantur.
840 3176 920 3232 Haec
937 3175 1035 3232 omnia
1052 3177 1128 3232 facta
1147 3178 1213 3233 sunt

226 3265 280 3323 sub
299 3267 385 3322 finem
409 3267 478 3324 anni
502 3265 565 3323 738.
609 3264 684 3322 Nam
707 3265 855 3336 Augustus
885 3265 1003 3338 reliquis
1033 3265 1121 3324 rebus
1144 3281 1212 3322 con·

227 3355 381 3420 stituendis
399 3357 527 3414 intentus
547 3359 809 3422 amnemamnem·
827 3357 905 3412 7387
924 3363 1043 3429 partem
1067 3359 1098 3413 et
1112 3355 1227 3428 proxi»
1268 3397 1277 3408 ,

182 3489 183 3494 1
226 3465 305 3506 mum
323 3448 515 3524 consumpsit,
535 3465 600 3505 cum
618 3451 685 3503 eta
698 3445 848 3503 Germanis
868 3450 898 3503 et
910 3446 1080 3522 aLicinnio,
1101 3447 1212 3503 Galliae

226 3541 428 3614 procuratore,
447 3538 537 3594 multa
555 3538 709 3595 commissa
724 3539 997 3614 esseut„narrante
1015 3537 1110 3596 Dione
1130 3537 1211 3594 Cass.

176 3703 178 3708 Α
226 3632 273 3707 54,
292 3632 337 3688 21.
377 3629 662 3700 Quamquam-igitur
679 3645 739 3703 pax
756 3645 821 3686 cum
840 3621 991 3686 Germanis
1010 3644 1035 3686 a,
1054 3626 1118 3684 738.
1136 3630 1213 3686 facta
1240 3613 1242 3622 ’

226 3737 285 3787 non
302 3721 334 3778 id
353 3721 497 3780 effecissse
516 3718 646 3797 videtur,
665 3723 698 3776 ut
716 3735 815 3786 omnes
834 3709 930 3786 ubivis
942 3719 1213 3793 motuscompressi

190 3861 193 3866 ,
225 3813 333 3878 luerint
351 3815 501 3871 continuo:
519 3810 644 3870 reditum
656 3814 759 3870 tamen
777 3810 905 3881 Augusti
914 3810 1067 3884 probabile
1086 3814 1131 3872 est
1150 3809 1212 3882 jam
