2776 4582
558 280 857 376 -ias-··

171 469 307 558 qnare
324 475 435 534 aaron
453 489 505 532 eur
523 475 634 532 amam
646 474 794 532 eamearn
812 474 879 534 amis
892 449 1074 532 ommam
1093 490 1157 531 sen-

171 561 292 646 sibus'')
312 568 342 622 et
359 582 387 622 v.
407 565 434 622 6.
461 556 602 645 („Deus,
629 565 701 622 deus
725 581 793 624 nam
817 583 864 622 me
882 563 1021 642 vetat.”).
1061 567 1157 632 Quare

42 718 48 730 ¹
148 657 149 660 ’
170 656 306 730 equidem
324 656 399 713 hanc
418 655 546 728 eclogam
563 673 617 729 per
635 672 701 713 ann.
716 657 779 714 l2l.
800 660 830 713 ct
842 658 905 713 722.
926 659 1074 724 exaratam
1093 671 1158 712 csse
1235 678 1237 686 s

171 761 293 823 censeo,
312 746 485 819 praesertim
509 763 574 803 cum
594 745 657 816 jam
682 749 753 803 satis
779 750 842 804 arta
865 747 941 803 intcr
959 747 1158 802 Maecenatem

172 839 202 892 et
212 837 371 894 Horatium
389 835 567 904 familiaritas
586 837 850 914 intercesserit,·ct
868 853 984 895 carmen
1002 839 1157 911 olimpic-

170 926 291 984 missum
308 930 484 986 memoretur
501 946 528 985 v.
550 929 576 984 7.
595 959 634 972 -
672 931 769 1002 Atque
794 929 861 986 huic
881 928 1003 1002 tempori
1022 928 1158 986 conveni·

96 1011 98 1016 ’
170 1019 239 1094 unt,
259 1033 334 1092 quae
352 1019 385 1073 in
403 1019 484 1076 exitu
504 1019 641 1078 carminis
659 1019 810 1090 leguntur:

320 1097 426 1166 irrata
442 1112 506 1179 ipre
523 1112 631 1182 mmm
649 1095 756 1184 quadri
773 1127 836 1174 nou
852 1109 1010 1185 pulchrior
1029 1110 1109 1184 tyois

365 1197 510 1258 Accendit
527 1200 680 1262 obsessam
698 1204 795 1276 ritca,

319 1287 429 1348 Gaude
446 1298 526 1348 rorte
543 1298 605 1348 tua.
630 1321 669 1334 -

169 1381 204 1438 ln
231 1379 278 1437 his
310 1381 588 1456 enimTerentiam
615 1380 833 1451 intelligendam
864 1397 947 1457 erse,
978 1382 1157 1438 Maecenatis

170 1485 307 1544 sponsam
337 1470 385 1528 vel
416 1486 553 1548 uxorem,
585 1475 784 1529 contestantur
809 1471 912 1528 Scholl.
939 1471 1041 1530 Acron
1066 1472 1104 1528 ad
1128 1489 1155 1527 v.

167 1563 338 1635 pulchrior:
357 1562 457 1640 „qoud
475 1562 637 1633 gratificans
656 1562 727 1619 dicit
745 1563 917 1640 Terentiae,
943 1563 1030 1636 quam
1049 1561 1157 1618 amavit

169 1653 353 1711 Maecenas.''
389 1654 500 1727 Porplr.
527 1653 572 1710 ad.
592 1671 620 1711 v.
646 1656 770 1712 acrama:
796 1653 982 1730 „Maecenati
1001 1653 1056 1711 hoc
1076 1652 1156 1729 dicit,

170 1743 239 1817 quia
258 1746 369 1817 etipse
388 1744 556 1802 Terentiam
574 1743 688 1820 dilexit,
708 1745 789 1814 cujus
810 1746 839 1799 et
858 1761 946 1817 supra
966 1744 1008 1800 sic
1026 1743 1157 1800 meminit
1208 1755 1210 1762 ’

171 1831 269 1909 (epod
289 1835 318 1910 3,
337 1831 416 1911 21.):
435 1837 566 1890 Marcum
586 1836 691 1904 puello
707 1837 794 1891 racio
813 1835 905 1900 caet.”
942 1836 1051 1905 Porpla
1071 1833 1110 1888 ad
1127 1850 1155 1888 v.

167 1925 338 1996 pulchrior.-
363 1923 416 1998 „in
435 1923 575 1988 honorem
592 1922 771 1979 Maecenatis
797 1923 973 1993 gratificatur
990 1923 1156 2004 Terentiae,

169 2013 299 2074 Helenae
324 2028 388 2068 eam
413 2013 612 2086 comparans.⁷'
635 2044 674 2057 ·-
704 2013 797 2074 Schol.
828 2013 932 2088 Cium:
962 2013 1011 2095 „si
1035 2013 1156 2086 Helena,

170 2119 245 2190 qpae
264 2104 319 2160 mit
337 2119 441 2160 caussa
459 2103 586 2160 incendii
611 2107 642 2160 et
667 2103 863 2161 subversionis
882 2105 1003 2183 Troiae,
1024 2103 1157 2160 nonfuit

169 2193 327 2269 speciosior
346 2210 431 2268 quam
443 2195 590 2270 Terentia,
610 2210 696 2268 quam
709 2194 841 2272 deperis,
860 2196 909 2252 illa
927 2199 1008 2252 utere
1021 2197 1051 2252 et
1063 2192 1156 2266 gaude

169 2287 229 2342 tato
248 2288 315 2362 tuo,
335 2302 393 2359 quo
410 2288 513 2342 nactus
533 2303 565 2342 es
584 2286 711 2358 puellam
730 2288 790 2362 tam
808 2287 987 2360 pulchram.”
1006 2323 1044 2332 —
1074 2287 1156 2352 Quae

169 2376 195 2432 si
219 2391 289 2433 vera
313 2380 359 2432 cst
381 2377 484 2434 Scholl.
510 2377 695 2432 narratio-
719 2377 870 2434 verissima
887 2379 985 2434 autent
1003 2380 1064 2452 est3
1088 2393 1156 2432 nam

169 2465 273 2522 verba:
298 2471 401 2538 paride
425 2473 506 2523 rorte
530 2473 586 2522 tam
611 2466 647 2521 de
672 2466 811 2534 legitima
827 2450 1048 2523 tantumuxore
1069 2480 1155 2538 spon-

169 2570 239 2616 save
263 2554 387 2624 intelligi
410 2556 590 2627 possunt-
607 2555 658 2616 vix
676 2554 798 2633 dubites
823 2557 894 2629 quin
918 2556 1055 2614 Horatius
1074 2553 1156 2612 blan-

170 2645 237 2702 dam
262 2643 418 2703 Terentiae
445 2644 623 2701 mentionem
652 2648 714 2701 tum
732 2646 859 2724 iecerit,
890 2663 955 2705 cum
983 2648 1030 2703 vel
1048 2661 1157 2720 sponsa

170 2737 249 2793 essct
273 2735 453 2812 Maecenati,
478 2735 527 2793 vel
551 2752 658 2794 recens
681 2737 779 2810 nupta.
824 2738 914 2812 Atqui
933 2755 986 2814 per
1004 2755 1070 2794 anu.
1091 2737 1155 2797 721.

169 2830 200 2884 et
224 2827 288 2883 722.
339 2827 493 2884 Maecenas
523 2844 588 2883 eam
618 2828 649 2884 in
679 2829 896 2886 matrimonium
926 2830 1010 2892 duxit
1034 2822 1092 2907 (ci.
1119 2825 1175 2882 ad.

170 2917 260 2990 epod.
275 2911 329 2997 3.).
367 2919 445 2988 Ergo
469 2917 619 2992 probabile
638 2920 670 2974 fit
688 2919 841 2976 Horatium
860 2923 937 2996 tum,
957 2935 1023 2976 cum
1041 2919 1156 2974 Maece·

168 3023 222 3063 nas
241 3007 356 3086 'ardenti
374 3009 474 3066 uxoris
487 3009 716 3070 adolescentulae
730 3010 925 3082 honestaeque
938 3025 1034 3067 amore
1054 3009 1155 3079 captus

134 3155 136 3167 ,
170 3100 264 3174 esset,
283 3096 407 3156 necdum
425 3099 569 3174 zelotypia
586 3103 790 3175 maceraretur,
810 3097 950 3155 cecinisse
962 3100 1017 3155 hoc
1030 3112 1155 3172 carmen,
1181 3083 1200 3166 '-

170 3205 227 3262 quo
247 3188 401 3254 Terentiae
426 3193 457 3246 et
475 3191 654 3257 Maecenatis
673 3189 791 3248 auribus
811 3190 999 3246 blandiretur.
1037 3187 1154 3246 Kirchn.
1253 3183 1255 3188 ’

118 3317 134 3348 s
169 3283 281 3354 quaest.
301 3295 329 3352 p.
349 3280 395 3335 2'l.
416 3278 444 3357 ᾗ.
464 3282 596 3338 52-53.
618 3281 743 3355 epodum
762 3298 788 3338 a.
803 3281 866 3354 721.
888 3283 994 3337 iactum
1013 3295 1077 3356 esse
1097 3281 1155 3336 sta·

169 3371 242 3446 tuit3
261 3369 372 3426 Weich.
398 3386 426 3443 p.
453 3372 553 3446 reip.
579 3373 643 3429 461.
658 3389 697 3441 a.
717 3372 798 3446 720.;
825 3368 933 3428 Grotef.
953 3388 982 3445 p.
1003 3371 1066 3426 466.
1087 3384 1153 3426 ann.

170 3461 234 3518 725.
255 3454 317 3540 (ob.
338 3477 365 3517 v.
376 3455 437 3537 8.),
457 3462 597 3534 probante
616 3461 743 3519 Obbario
762 3462 794 3516 in
813 3461 895 3518 Seeb.
915 3463 1000 3519 Jahn.
1021 3464 1050 3517 et
1061 3459 1152 3516 Klotz.

170 3551 262 3609 annal.
271 3551 351 3610 1836.
358 3552 414 3608 vol.
423 3551 467 3609 16.
481 3567 546 3626 pag.
561 3553 624 3628 423
636 3552 753 3609 Passov.
767 3554 826 3608 not.
841 3552 886 3608 28.
901 3552 980 3609 182:
1001 3547 1151 3624 tls-21.

242 3748 425 3805 HPODUM
442 3749 518 3804 XV.
549 3750 646 3824 „Nom
664 3750 749 3816 ενα»
773 3751 923 3806 Kirchner.
942 3748 974 3804 in
991 3746 1102 3819 quaest.
1122 3759 1151 3817 p.

169 3837 216 3898 28.
236 3834 264 3916 ξ.
284 3840 329 3897 53.
348 3842 426 3908 recte
445 3843 478 3898 nt
503 3839 619 3897 videtur
643 3838 674 3918 in
699 3856 765 3896 ann.
791 3841 857 3898 121.
883 3836 1050 3896 constituit..
1079 3836 1153 3900 Nam
1206 3841 1211 3845 “
