2776 4582
617 1099 729 1218 Cap.
766 1101 854 1189 Vs
937 1095 942 1102 ’
1033 1132 1035 1140 ·

290 1323 295 1336 .
362 1287 399 1338 ue
414 1287 559 1354 temporibus
576 1290 662 1355 quihus
678 1292 733 1342 libri
749 1293 780 1345 11.
797 1290 903 1342 eunus
918 1291 1010 1356 scripta
1025 1289 1081 1340 rlul.

303 1566 484 1624 (tum
500 1567 531 1622 Ι.
575 1569 692 1626 Motum
715 1584 758 1627 eo
786 1566 926 1630 llletello'5
952 1585 1006 1647 per
1021 1583 1123 1657 ἰ44404
1147 1567 1210 1626 724.

230 1657 347 1716 41725.
371 1660 519 1714 exaratum
543 1659 598 1714 est
633 1657 759 1715 Primum
787 1659 865 1715 enim
891 1675 950 1716 404
978 1658 1070 1716 solum
1097 1661 1164 1732 post
1182 1675 1209 1716 a.

151 1759 154 1808 j
229 1747 293 1804 715.
312 1747 449 1820 scripturn
467 1746 555 1803 luerit
577 1761 696 1804 neeesse
721 1752 782 1825 est,
810 1764 867 1823 quo
885 1765 911 1807 a.
930 1748 958 1806 d
976 1749 1051 1808 vlll
1069 1749 1131 1806 Kal
1150 1749 1208 1806 No·

227 1836 336 1894 vembr.
360 1837 480 1894 Asinius
498 1837 590 1894 Pollio
608 1837 644 1894 de
662 1837 822 1916 Par-thinis,
841 1840 947 1915 populo
965 1839 1091 1916 Illyrico,
1110 1839 1209 1895 trium·

21 1959 26 1976 =
129 1991 133 2002 .
227 1927 317 2010 rhum
336 1927 396 2000 egit
413 1924 487 2008 (nro
505 1928 558 2005 44,
577 1928 623 1986 41.
646 1928 772 2003 Appiun
796 1930 826 1988 b.
844 1932 920 2010 ss,
944 1933 990 1990 75.
1008 1931 1086 1990 nor.
1105 1931 1139 2007 4,
1164 1929 1209 1987 12.

227 2018 273 2077 11.
300 2015 468 2077 Therbeeke
486 2017 533 2081 'de
553 2019 585 2079 G.
604 2019 685 2078 Asin
702 2020 735 2079 P.
746 2037 776 2095 p.
795 2015 876 2102 31),
906 2023 987 2095 eujus
1006 2022 1115 2081 mentio
1133 2021 1209 2079 laeta

226 2124 254 2166 v.
275 2108 335 2167 15.=
710 2129 713 2136 ·
1116 2120 1120 2131 ‘
1213 2130 1220 2134 ·

373 2199 428 2258 Cui
445 2177 543 2258 laurus
562 2199 694 2257 aeternos
712 2199 837 2264 honores

420 2291 582 2349 Dalmatico
599 2288 713 2363 peperit
731 2288 896 2364 triumpho,

225 2380 278 2450 sed
295 2380 383 2438 etiam
398 2381 468 2456 'post
486 2395 551 2437 ann.
569 2379 643 2456 tls,
661 2379 797 2453 quoniam
813 2379 990 2454 Polliopost
1001 2381 1077 2439 hune
1088 2380 1207 2441 tandem

224 2472 263 2529 sd
280 2471 516 2530 conscribendam
531 2467 673 2527 bellorum
684 2469 810 2526 civilium
821 2469 972 2527 historiam
984 2473 1113 2530 40044411
1131 2474 1215 2532 Nam.

224 2579 290 2621 oum
307 2564 339 2621 in
357 2565 414 2622 Sat
433 2562 468 2638 1,
494 2562 538 2619 lo.
565 2561 610 2618 42.
633 2560 829 2618 nobilissimus
847 2559 1072 2634 tragoediarum
1085 2562 1207 2638 scriptor

224 2653 345 2729 diostur,
361 2653 412 2710 hie
429 2654 527 2710 autem
543 2651 708 2710 intermisso
726 2650 934 2726 aliquantisper
952 2651 1125 2712 (1444411044
1136 2669 1205 2729 poe·

223 2742 264 2801 sis
282 2743 377 2802 studio
386 2742 544 2800 historiam
561 2757 732 2816 oomponere
749 2731 884 2799 narretur
899 2759 942 2801 vs.
960 2742 981 2799 9
1000 2759 1057 2819 sq.=
1175 2753 1177 2764 '

366 2832 487 2892 Paulum
505 2847 623 2890 severae
641 2831 727 2889 Musa
744 2831 910 2904 tragoediae
1090 2821 1092 2828 ’

369 2924 456 2984 Desit
473 2923 609 2982 theatris:
627 2937 705 2998 mox,
723 2922 776 2979 ubi
793 2922 922 2998 publieas

414 3014 487 3073 'Res
504 3012 657 3090 ordinaris,
676 3011 784 3086 grande
802 3028 906 3070 munus

503 3090 656 3184 ¹ll'eeropio
672 3107 788 3179 repetes
807 3104 969 3180 40114440,

223 3193 348 3252 dubitari
363 3212 424 3255 non
440 3199 538 3272 potest
555 3197 626 3271 quin
642 3195 744 3272 Pollio,
763 3187 814 3269 qui
832 3195 869 3252 ab
888 3211 913 3254 4
932 3194 995 3252 715.
1014 3210 1033 3252 a
1050 3193 1137 3252 rebus
1148 3210 1200 3269 pu-

221 3284 304 3344 blicis
322 3287 455 3356 gerendis
473 3301 590 3362 prorsus
608 3285 749 3343 abstinuit
767 3285 922 3342 41140110
941 3303 975 3344 ao
994 3301 1109 3343 secessu
1127 3285 1202 3359 opti·

222 3376 277 3435 mis
294 3375 386 3432 literis
403 3377 493 3454 vixit,
516 3377 640 3450 primurn
657 3377 689 3434 in
708 3375 893 3434 dramaticum
920 3379 1012 3434 artem
1034 3375 1202 3434 incumbens

222 3483 298 3526 anno
315 3466 390 3543 7111,
409 3481 466 3540 quo
483 3467 543 3525 Sat.
563 3468 591 3544 1,
611 3467 654 3524 lo.
674 3465 781 3538 scripte
799 3467 859 3542 est,
877 3466 932 3524 hoe
949 3466 1131 3542 potissimum
1148 3481 1201 3523 no-

221 3558 298 3616 mine
316 3559 421 3616 famam
439 3559 470 3614 et
487 3557 646 3614 claritatem
664 3556 813 3613 assecutus
830 3557 933 3636 luerit,
958 3559 989 3614 et
1005 3559 1069 3614 turn
1086 3556 1201 3615 demum

222 3666 241 3707 4
258 3648 341 3726 poesi
359 3647 455 3708 studia
473 3664 526 3705 sua
544 3646 646 3705 adres
664 3647 816 3707 historicas
834 3645 999 3707 tractandas
1010 3647 1199 3707 transtulerit.

295 3741 366 3801 Inde
385 3740 504 3801 ulterius
522 3738 656 3813 progredi
679 3739 756 3804 lieet
791 3739 866 3800 Nam
889 3739 915 3818 si
932 3735 1023 3795 Pollio
1042 3753 1117 3796 anno
1136 3737 1201 3797 719.

222 3847 295 3908 opus
311 3832 383 3894 illud
400 3831 568 3898 historicum
585 3829 712 3902 nondum
723 3829 819 3908 eoepit
831 3829 994 3907 4041044444,
1013 3827 1201 3908 probabiliter
