2760 4588
559 307 766 370 ..227-

174 489 245 530 cene
262 471 398 543 Aayaslc
415 471 517 526 Juncs
533 469 713 545 patefactas,
732 469 799 533 dum
813 470 890 543 apud
903 473 1046 526 extremos
1066 476 1154 528 tarra-

173 577 238 620 rum
257 561 393 616 terminos
411 575 503 614 novae
523 561 622 630 gentes
643 575 729 633 saepe
749 577 786 616 ex
804 577 857 614 usu
877 563 907 614 ct
925 561 1078 632 aliquande
1090 570 1155 616 cum

162 643 280 709 'damno
299 653 483 726 quaeruntur,
502 665 593 722 usque
612 649 649 705 ad
666 651 837 722 Vespasiani
855 649 970 706 duravit
992 651 1152 722 imperium.

173 745 327 813 Hucusque
348 739 521 798 Cornelius’'
558 743 648 796 Janus
667 741 826 796 enimcum
844 757 903 796 nun
921 742 963 796 ita
982 741 1070 797 multo
1088 739 1155 813 pust

176 817 287 887 alit).
306 833 450 900 reseratus
470 831 522 887 sit:
548 845 666 886 neccsse
691 833 736 906 est
764 831 880 886 tertium
905 831 1017 887 clausus
1042 831 1081 886 sit
1103 845 1154 903 pce

177 921 296 978 steriore
309 923 447 996 tempore,
468 920 493 976 si
511 935 582 976 setta
593 920 727 995 Aupastc
746 911 859 976 rursum
871 921 1061 992 aperiebatur.
1090 921 1156 976 Jam

85 1014 88 1019 ’
174 1027 244 1069 τοτα
262 1027 321 1068 non
333 1011 450 1067 dubium
470 1013 514 1066 cst
525 1010 594 1082 quin
605 1010 844 1082 Jauus2pra'mum
863 1011 975 1066 clausus
995 1012 1033 1066 sit
1051 1028 1077 1066 a.
1092 1011 1155 1066 725.

176 1097 250 1183 (Dic
268 1103 315 1176 51,
334 1095 397 1181 20.)
416 1105 582 1175 iterumque
600 1117 625 1156 a.
645 1100 709 1156 720.
730 1094 805 1181 (non
823 1105 856 1166 ut
880 1101 1006 1156 Messon.
1033 1100 1106 1159 dixit
1124 1101 1155 1155 in
1225 1171 1227 1184 .

175 1193 242 1249 Jani
262 1191 359 1265 templ.
378 1207 441 1246 res·
455 1206 483 1262 p.
503 1191 548 1247 94.
569 1208 593 1247 a.
613 1191 676 1247 730.
698 1193 801 1248 cf.Di0
820 1192 866 1266 53,
886 1185 949 1270 26.)
968 1191 1024 1247 Sed
1043 1189 1156 1262 quando

169 1287 293 1341 ,ίανίίαιιι
316 1281 360 1337 id·
375 1283 481 1337 lactum
505 1282 559 1357 sit,
578 1297 636 1337 non
657 1281 755 1354 liquet.
793 1283 859 1338 Non
878 1282 955 1336 enim
972 1297 1058 1352 posse
1077 1279 1156 1336 credi
1199 1329 1202 1336 .

176 1375 289 1448 Oresio,
308 1371 358 1446 qui
377 1385 484 1427 anuum
502 1370 566 1426 752.
585 1370 689 1446 habet,
707 1371 782 1426 bene
802 1369 928 1427 ostendit
946 1367 1071 1426 Messon.
1091 1373 1155 1426 Jan.

103 1493 105 1506 ·
161 1464 271 1537 templ.
291 1481 319 1537 p.
345 1462 408 1518 320.
434 1463 465 1517 ct
487 1461 632 1516 neminem
655 1461 762 1536 diglat,
788 1457 955 1534 quiipsum
987 1461 1155 1532 scriptorem

174 1553 319 1628 quaelibet
337 1568 372 1608 eo
389 1555 518 1625 tempore
536 1551 673 1606 miracula
691 1553 859 1628 captantem
885 1550 1030 1608 evolverit.
1074 1549 1155 1606 Idem

172 1645 261 1715 igitur
284 1643 410 1698 Messon.
434 1643 455 1698 l.
473 1641 492 1698 l.
512 1658 540 1714 p.
566 1640 629 1697 208.
654 1641 776 1714 probare
802 1640 913 1696 studuit
935 1643 1041 1696 Janum
1070 1639 1155 1696 tertio

174 1734 302 1789 clausum
320 1749 384 1788 esse
403 1749 429 1787 a.
449 1732 513 1787 744.
534 1732 591 1786 Sed
610 1733 777 1800 argumenta
796 1731 857 1800 ejus
876 1733 936 1786 tam
960 1731 1054 1788 futilia
1078 1733 1154 1804 sunt,

174 1825 207 1878 ut
224 1823 337 1877 mireris
356 1837 391 1876 ea
402 1817 566 1875 liominibus
580 1819 671 1874 doctis
683 1823 741 1876 tam
755 1820 804 1875 diu
816 1823 846 1875 et
857 1820 998 1892 placuisse
1017 1822 1046 1874 ct
1063 1819 1157 1876 fraudi

174 1913 271 1970 tuisse.
307 1911 364 1990 Dio
385 1911 464 1967 Cass.
484 1909 531 1986 54,1
550 1909 595 1965 36.
615 1925 632 1964 a
657 1909 763 1965 Senatu
788 1924 863 1964 anno
882 1909 944 1965 743.
972 1903 1079 1987 (annus
1098 1924 1156 1964 non

174 2003 281 2059 diserte
300 2001 451 2058 denotatus
470 2002 524 2076 est,
544 1999 595 2056 sed
614 1999 731 2056 credere
750 1998 798 2055 hic
815 1999 883 2056 licet
895 1999 1031 2054 Messene
1049 1999 1067 2054 l.
1087 1998 1105 2054 l.
1126 2015 1153 2070 p.
1209 2068 1215 2074 Ι

174 2087 256 2173 203.)
282 2093 428 2148 decretum
454 2107 517 2146 esse
543 2093 651 2166 narrat,
670 2075 705 2144 ut
719 2091 809 2146 Jauus
829 2087 1017 2146 clauderetur.
1054 2089 1154 2160 Neque
1198 2125 1200 2128 -

146 2232 151 2238 .
172 2187 269 2240 tamen
286 2182 317 2239 id
334 2180 545 2256 licripctuisse,
564 2179 641 2254 quod
653 2179 726 2237 Daci
744 2179 849 2236 Istrum
867 2179 1045 2250 congelatum
1063 2182 1155 2234 trans·

124 2314 127 2326 ,
173 2273 264 2346 gressi
276 2273 392 2349 suerint,
403 2265 552 2330 Dalmatae
572 2287 641 2328 vero
654 2269 790 2327 Germani
810 2273 839 2327 et
856 2271 932 2328 Catti
944 2269 1153 2326 rebellaverint.

173 2359 350 2443 (dppptcdp
365 2361 420 2436 μὲν
439 2355 490 2418 οὖν
507 2349 665 2435 τὸνῘἸανὸν
683 2357 734 2417 τὸν
755 2359 878 2435 Γέμινον
902 2358 943 2428 ὠς
967 2363 1016 2416 καὶ
1039 2379 1155 2416 acucu-

172 2457 267 2528 μένων
281 2453 340 2510 τῶν
354 2451 536 2525 πολέμων-
547 2447 673 2524 ἀνέῳκτο
684 2447 741 2526 γὰρ
751 2482 788 2491 -
803 2449 992 2520 κλεισθῆναι.
1004 2448 1037 2506 οὐ
1055 2451 1155 2523 μέντοι

119 2577 124 2587 ·
173 2543 222 2599 καλ
240 2535 398 2611 ἐκλείσθη.
413 2540 442 2596 et
466 2557 497 2596 τε
515 2535 572 2615 γὰρ
583 2537 688 2624 ’Δακολ
712 2535 764 2594 τὸν
775 2535 889 2618 Ἴστρον
913 2539 1062 2624 manaydae
1087 2533 1154 2596 daa-
1238 2539 1241 2544 '
1353 2526 1357 2536 '

173 2632 276 2708 βάντες
293 2629 374 2688 λείαν
392 2624 423 2686 ἐκ
441 2628 491 2700 τῆς
502 2627 668 2698 Παννονίας
685 2626 875 2704 ἀπετέμοντο,
893 2631 943 2685 καλ
955 2626 983 2686 οἱ
994 2628 1155 2704 Δαλμάται

173 2717 247 2800 πρὸς
275 2717 327 2790 τὰς
358 2717 519 2799 εἶςιτράξεις
548 2719 608 2777 τῶν
634 2718 794 2796 χρημάτων
823 2714 1028 2790 ἐπανέστησαν.
1054 2712 1152 2801 caet).

174 2812 230 2871 Sed
250 2811 405 2870 debellatas
425 2827 489 2866 esse
507 2813 608 2880 gentes
627 2810 773 2868 aTibcrio
792 2814 821 2868 et
832 2814 941 2869 Druso.
961 2811 1034 2868 Turn
1047 2813 1154 2869 utrum·

174 2919 230 2978 que
248 2918 306 2959 una
324 2919 388 2963 cum
406 2903 536 2986 Augusto
554 2901 676 2957 Rumam
698 2900 819 2958 rediisse
847 2904 877 2958 et
901 2917 976 2957 anno
1001 2901 1064 2962 744.
1090 2917 1155 2973 ρετ.

71 2981 73 2985 ’
174 2994 287 3070 fecisse,
313 3007 498 3065 quaecunque
523 2995 641 3065 propter
664 2992 799 3048 victorias
824 2992 940 3049 decreta
963 2991 1084 3048 tuissent
1108 2991 1154 3048 vel

136 3115 138 3126 ν
175 3099 227 3158 per
246 3099 277 3139 se
295 3082 426 3138 iacienda
451 3085 549 3138 essent
572 3076 638 3162 (acl
654 3079 730 3156 μετὰ
753 3081 840 3139 τοῦτο
865 3079 895 3152 ἔς
918 3100 949 3138 τε
972 3078 1022 3153 τὴν
1037 3079 1154 3155 Ῥώμην

175 3169 228 3230 σύν
240 3170 454 3250 τῷΛύνούστῳ
467 3171 721 3246 σννεκομίσθησαν
733 3203 771 3224 -e
789 3166 819 3228 ἒν
836 3167 893 3250 γὰρ
906 3171 942 3245 τῇ
954 3165 1154 3246 Λοανδοννίδι

174 3260 211 3322 τὰ
229 3259 327 3320 πολλοὶ
340 3258 433 3332 οὕτως
450 3258 575 3337 ἐγγύθεν
584 3263 653 3332 ’τοῖς
665 3261 787 3332 Κελτοῖς
805 3251 968 3340 ἐφεδρεύων
980 3258 1104 3342 διέτριβε
1115 3291 1152 3304 —
1188 3245 1192 3256 ’

173 3355 223 3412 καί
241 3349 299 3410 ὅσα
322 3347 373 3410 aaa
396 3354 459 3422 ταῖς
482 3357 574 3424 νίκαις
597 3349 745 3430 ἐψήφιστο
769 3351 855 3424 daal
873 3350 970 3424 ἄλλοις
987 3354 1153 3426 καθήκοντα

173 3436 207 3517 ἦν
224 3443 364 3518 γενέσθαι
375 3437 571 3522 ἐπετέλεσαν).
596 3443 679 3501 Unde
690 3444 843 3500 Massonus
856 3449 945 3502 ettam
955 3432 1080 3504 ,ίοτιαιιιΙ
1090 3451 1154 3502 tam

174 3536 313 3592 οίοιιειιιιι
328 3530 424 3604 fislaca
441 3533 563 3604 collegit.
600 3534 640 3591 At
657 3534 740 3591 facile
760 3538 880 3607 apparet
905 3531 990 3609 quam
1017 3535 1105 3592 dubia
1124 3536 1153 3590 et

173 3623 370 3695 improbabilis
395 3623 467 3680 hacc
492 3624 531 3680 sit
555 3625 726 3694 conjectura.
768 3626 843 3684 Nam
866 3626 990 3700 primurn
1014 3626 1039 3681 si
1063 3627 1153 3682 Jauus

175 3711 287 3768 clausas
306 3716 393 3790 esset,
413 3713 623 3788 scriptcrhaud
635 3713 721 3770 dubie
740 3715 783 3770 rei
801 3719 960 3782 memoratu
971 3715 1153 3786 dignissimae

76 3799 77 3806 ’
175 3800 281 3858 diserte
300 3805 474 3862 mentionem
485 3804 610 3862 fecisset.
641 3803 754 3862 Deinde
762 3820 880 3877 prorsus
898 3806 940 3861 nil
954 3806 1050 3863 verbis
1068 3805 1154 3879 inest,

846 3883 852 3892 '
896 3895 960 3952 τε*
