2776 4582
625 295 831 362 ...144-

157 451 160 458 “
269 473 274 492 ι
381 457 463 517 Neve
481 459 512 514 to
529 457 637 516 nostris
654 458 735 518 vitiis
752 459 884 535 iniquum

629 551 717 608 Ocior
734 567 805 608 aura

382 639 492 716 Toliat3
511 640 559 698 hio
578 656 696 712 magnos
715 641 816 715 potins·
831 639 1002 717 triumphos,

380 729 436 787 Hio
454 747 533 788 ames
553 731 611 789 diei
628 733 715 790 Pater
732 734 824 804 atque
837 731 985 808 Princeps,

381 820 446 878 Neu
466 821 545 881 sinas
564 821 666 880 Medos
686 823 817 896 equitare
835 823 943 880 inultos
1018 877 1020 884 ,

366 957 369 962 -
628 915 671 972 Te
691 913 781 989 duce,
802 913 924 970 Caesar!
999 957 1002 972 .

232 999 280 1056 Ex
297 999 344 1058 his
361 1001 453 1077 liquet
476 1003 564 1080 mihi,
589 1006 680 1063 odom
705 1019 788 1062 anno
805 1020 835 1061 ιι.
855 1019 879 1061 c.
899 1003 979 1060 725.
995 1003 1218 1078 ειιὶριιιιιιιεεθ

232 1119 271 1135 —-
288 1090 320 1148 id
337 1093 547 1170 qnod-pridem
571 1094 707 1151 viderunt
724 1096 757 1152 T.
778 1094 873 1152 Faber
892 1094 922 1149 et
939 1096 1044 1152 Daoer.
1082 1095 1219 1152 Animum

231 1181 351 1239 adverte
370 1183 409 1241 ad
427 1184 547 1256 singula.
587 1184 672 1251 Quod
694 1186 818 1259 primum
843 1185 913 1242 dicit
932 1187 1049 1261 „Seras
1072 1186 1106 1243 ia
1132 1202 1156 1243 o.
1174 1185 1219 1243 ι.»

232 1272 265 1329 id
288 1288 471 1349 nequaquam
496 1276 588 1353 cogit,
613 1279 647 1332 ιιι
671 1275 707 1332 de
732 1276 832 1333 morbo
858 1276 999 1351 Augusti,
1025 1291 1083 1349 quo
1107 1292 1133 1332 a.
1154 1275 1217 1332 730.

231 1367 380 1438 correptus
399 1359 496 1442 tuerit,
515 1367 625 1437 cogites
636 1381 682 1411 ¹-
699 1368 733 1423 ut
751 1367 808 1424 sibi
826 1367 972 1440 persuasit
989 1365 1146 1442 Vanderb„
1165 1363 1218 1421 sed

230 1456 342 1530 optatio
361 1457 469 1534 estrei
492 1460 614 1517 naturae
639 1474 727 1531 quam
750 1459 874 1514 maxime
900 1460 1108 1531 consentanea,
1133 1467 1217 1528 praa*

175 1587 178 1598 „
230 1546 332 1604 sertim
349 1564 415 1605 oum
433 1548 608 1603 Octavianus
627 1564 741 1620 semper
760 1550 820 1603 fere
838 1563 941 1620 parum
959 1547 1039 1603 firma
1050 1545 1217 1604 valetudine

185 1669 190 1673 ·
229 1638 333 1694 finitus
353 1638 399 1695 sit.
437 1637 473 1692 In
491 1637 593 1692 eadem
612 1638 757 1713 oratione,
782 1637 814 1692 in
839 1653 896 1711 qna
921 1655 952 1693 se
978 1637 1068 1710 patris
1093 1637 1217 1693 ultorem

229 1727 319 1802 dixit,
348 1725 435 1797 huJus
463 1741 578 1801 quoqne
606 1728 650 1785 rei
677 1727 948 1792 mentionemieoit
976 1731 1092 1785 auctora
1120 1727 1215 1787 Dione

230 1819 309 1875 Cass.
330 1817 377 1893 53,
396 1817 423 1874 8.
431 1809 447 1875 t'
463 1816 579 1889 ,αὑτός
603 1837 634 1876 τε
657 1814 715 1896 γὰρ
739 1820 789 1876 και
813 1821 982 1891 aerumpna
1005 1821 1055 1876 και
1078 1816 1216 1877 τεταλαι-

218 1897 382 1990 ¹rauro'prpoooJ
401 1910 451 1966 και
470 1907 561 1968 οὐκέτ’
579 1905 647 1967 οὔτε
665 1908 702 1987 τῇ
720 1909 801 1989 ψυχῇ
826 1905 893 1967 οὔτε
918 1908 963 1986 τῷ
987 1912 1107 1986 σώματι
1131 1908 1215 1968 ἀνιέ-

224 2018 288 2078 psov
306 1994 464 2076 europam
481 2031 521 2044 -
539 2000 620 2065 Quae
641 2003 801 2074 sequuntur
818 2001 925 2058 verba:
950 2003 1057 2077 „Neve
1074 2008 1104 2060 te
1120 2007 1213 2059 tamir.

84 2079 109 2164 ¹,
179 2169 184 2173 ¹
226 2095 307 2150 uitiis
321 2094 400 2166 =tntp
428 2107 454 2150 o.
481 2108 510 2148 ιι.
535 2093 577 2149 12>
613 2094 693 2149 eerto
725 2092 830 2148 docent
859 2108 975 2149 carmen
997 2107 1058 2148 nou
1088 2094 1155 2147 ante
1186 2106 1213 2148 a.

132 2177 135 2186 ¹
221 2183 291 2239 725.
312 2182 595 2257 compositumne,
615 2182 723 2255 quippe
743 2197 800 2256 quo
819 2182 1072 2254 Octaviannscum
1083 2179 1214 2255 Agrippa

227 2290 339 2331 morum
356 2257 554 2344 magisterium
579 2272 668 2329 subus
686 2268 760 2352 (mo
778 2271 831 2347 ιι,
851 2271 896 2328 42.
916 2271 1035 2344 interpr.
1062 2271 1099 2328 ae
1117 2270 1164 2345 53,
1185 2271 1211 2328 1.

228 2361 317 2444 (sta.
336 2366 392 2423 vot
412 2365 460 2423 vl.
480 2382 509 2439 p.
530 2363 574 2419 59.
594 2365 655 2420 not.
675 2359 719 2444 7.)
738 2363 796 2420 Ι)ἰο
815 2363 868 2439 54,
890 2362 934 2419 10.
973 2362 1090 2420 Sueten.
1110 2362 1211 2418 Oetav.

226 2459 272 2517 27.
290 2451 363 2536 un),
383 2456 415 2514 id
433 2455 511 2531 quod
528 2455 680 2516 Horatium
698 2454 863 2527 respexisse
876 2454 1013 2511 arbitron·
1026 2484 1065 2497 -
1082 2453 1212 2525 Sequun-

225 2553 275 2607 tur
292 2550 420 2607 clariora
439 2549 561 2618 Magnos
574 2547 735 2621 triumphos
747 2547 834 2620 poeta
846 2552 930 2618 optat
939 2546 1106 2604 Octaviano.
1132 2545 1212 2610 Quos

224 2656 284 2698 non
302 2641 432 2711 optasset
449 2640 561 2712 opinor,
581 2639 607 2696 si
624 2641 692 2712 post
709 2637 853 2711 triplicem
871 2637 1048 2711 triumphum
1060 2652 1135 2694 anno
1147 2635 1211 2694 725.

165 2735 167 2739 ’
224 2731 321 2788 medio
340 2731 436 2786 aetum
455 2729 526 2798 haee
552 2729 725 2802 scripsisset.
762 2729 855 2800 Hujus
880 2729 958 2786 haud
982 2729 1069 2784 dubie
1095 2726 1210 2782 honori·

224 2825 307 2881 fleam
331 2819 507 2879 mentionem
530 2818 688 2888 injecisset
724 2820 790 2876 Jam
816 2836 881 2876 oum
899 2820 1052 2892 praeterea
1071 2823 1158 2894 optet,
1177 2820 1211 2872 ut

224 3011 334 3064 utnon
352 3004 493 3061 detrectet
517 3017 659 3070 summum
682 3001 851 3077 imperium,
880 2996 1003 3072 deniqne
1032 3001 1065 3054 ut
1087 2998 1208 3055 Parthos

224 3098 338 3156 iortiter
355 3095 512 3170 propellat:
538 3094 603 3167 quis
623 3096 683 3170 est,
703 3093 775 3166 quin
793 3095 925 3166 apertum
950 3107 1014 3147 esse
1034 3090 1126 3164 dieat,
1146 3103 1207 3162 ear-

223 3205 291 3247 meu
309 3192 376 3245 ante
396 3186 547 3245 Octaviani
565 3185 692 3243 reditum
711 3201 749 3242 ex
767 3183 897 3259 Oriente,
917 3197 974 3258 quo
986 3178 1120 3238 Parthica
1131 3194 1207 3235 eom-

223 3282 369 3357 posuerat‚
390 3281 529 3354 seriptum
546 3294 622 3355 esse,
642 3279 672 3334 et
690 3276 808 3351 quidem
825 3273 944 3330 ineunte
962 3284 1038 3330 anno
1056 3269 1130 3345 725,
1149 3283 1206 3341 qno

224 3368 474 3448 splendidissimus
491 3371 541 3427 ille
559 3368 722 3443 triumphus
738 3363 902 3424 auomanis
912 3363 1132 3440 praepararetur
1142 3359 1206 3414 alii·
1322 3393 1324 3408 .

223 3480 280 3539 que
299 3462 423 3520 honores
449 3459 476 3516 'ei
502 3451 744 3518 decernerenturt
781 3445 825 3512 Eo
844 3458 956 3514 tantum
980 3457 1124 3526 tempore,
1148 3464 1206 3522 quo

224 3554 400 3614 Octauianus
418 3549 546 3607 nondum
564 3550 657 3608 Patris
683 3550 713 3604 et
730 3548 880 3620 Principia
902 3545 1020 3603 nomina
1043 3556 1206 3615 assumpse-

222 3649 279 3723 rat,
297 3643 434 3702 Horatius
454 3641 521 3713 apte
540 3655 643 3696 canere
662 3639 770 3712 potuit:
785 3639 867 3715 „Hie
886 3653 968 3695 omes
985 3635 1050 3724 diei¹
1061 3634 1206 3707 Potzotp.

224 3738 356 3814 panea,
375 3733 512 3792 nimirum
529 3731 715 3806 praesagiens
735 3731 846 3806 auimo,
865 3727 935 3784 talia
953 3739 1064 3780 summo
1082 3725 1206 3798 impera·

223 3828 290 3902 tori,
309 3830 342 3886 ut
358 3827 428 3884 olim
444 3824 521 3884 Julio
541 3822 668 3902 Caesari,
688 3818 890 3902 tributumiri.
929 3817 1013 3874 certe
1029 3817 1128 3891 patria
1141 3831 1204 3888 po-

1241 642 1259 701 t

125 2907 127 2912 ’
224 2917 325 2975 Patria
343 2915 429 2986 atque
445 2911 598 2982 Pompa
614 2924 721 2966 nomen
737 2926 797 2966 non
817 2909 987 2980 dedignetur
1006 2923 1119 2965 sumere
1138 2908 1165 2964 tn
1184 2924 1210 2965 e.
1234 2987 1237 3000 Ι
