2776 4582
615 213 659 300 ὲ
692 201 841 330 rask.

230 422 346 482 labente
364 419 412 479 vel
430 420 526 478 erecto
544 417 682 504 imperio,
701 418 738 477 de
751 418 870 486 oriente
883 415 1012 496 subacto,
1032 417 1069 477 de
1084 419 1228 496 Aegypto,
1290 449 1295 452 ·

185 580 189 588 ¹
230 517 349 590 pacata,
374 511 411 568 de
428 511 570 568 bellorum
593 511 722 569 civilium
747 509 876 568 cladibus
901 511 932 566 et
955 509 1073 568 miseria
1095 511 1228 586 aliisque¹
1298 505 1299 510 ’

230 605 333 681 rebus,
352 605 386 659 ut
402 602 486 659 facile
510 602 658 668 intellectu
683 605 730 660 est
754 618 793 658 ex
817 600 991 658 carminibus
1009 604 1073 658 tum
1091 603 1215 678 scriptis.

224 695 292 754 ‘Nec
304 709 380 751 anno
393 693 457 750 131.
468 691 599 750 odariunr
617 695 712 749 ortum
730 709 795 750 esse
812 693 918 767 potest.
955 692 1031 750 Nam
1048 707 1142 766 neque
1161 693 1228 766 hoc,

229 786 384 844 Maecenas
403 787 537 858 praeerat
555 783 632 860 urbi,
651 799 717 841 cunr
734 784 798 858 ipse
810 784 960 856 Augustus
978 799 1115 856 praeseus
1128 789 1215 854 esset.

302 877 344 934 At
366 875 439 932 mire
463 875 560 931 omnia
584 874 698 936 indicia
713 874 745 930 in
764 891 792 932 a
813 875 892 932 729.
910 873 1061 948 quadrant.
1088 876 1216 946 Primum

230 968 309 1027 enim
338 964 475 1024 Cantabri
503 967 534 1022 et
556 965 680 1023 Astures
705 965 761 1023 hoc
785 981 861 1024 anno
885 969 986 1026 denuo
1014 966 1213 1026 donabantur.

223 1061 295 1128 ¹Jarrr
313 1074 340 1116 1.
359 1057 423 1113 121.
441 1056 590 1128 Augustus
610 1073 649 1114 ex
668 1057 778 1134 Gallia,
803 1072 861 1131 quo
885 1057 917 1114 in
926 1033 1115 1120 Britanniam
1133 1075 1214 1118 exer·

229 1151 319 1208 citum
337 1148 473 1206 ducturus
493 1165 525 1216 se
544 1147 720 1225 contuderat,
739 1148 771 1205 in
788 1139 967 1222 Hispaniam
976 1151 1123 1224 proiectus
1142 1153 1214 1228 erat,

209 1229 294 1299 ‘eam
312 1242 345 1296 ut
362 1238 540 1314 provinciam
558 1240 748 1296 constitueret
751 1233 995 1320 (111153,2..2)
1026 1240 1124 1299 Rebus
1138 1257 1220 1312 com-x

228 1331 331 1407 positis
354 1331 460 1386 iterum
485 1327 642 1406 decrevit
633 1345 665 1385 rn
682 1329 862 1390 Britanniam
885 1331 1027 1404 trajicere.
1065 1332 1123 1390 Sed
1147 1347 1214 1410 ppo·

118 1497 121 1503 ,
224 1421 381 1502 bibebatur
398 1399 557 1478 rebellione
577 1401 800 1500 Cantabrorum,
818 1421 958 1493 Asturum
976 1425 1007 1479 et
1024 1422 1213 1500 Salassorum,
1257 1428 1259 1438 '

227 1513 322 1586 gentis
347 1494 506 1586 inalpinae.
548 1511 624 1568 Hinc
648 1511 787 1580 adversus
811 1510 866 1569 hos
890 1513 970 1570 misit
989 1513 1026 1570 A.
1045 1513 1229 1571 Terentium

225 1606 400 1682 Varronem,
426 1604 526 1659 contre
548 1601 645 1659 illos
636 1619 700 1676 rpse
725 1602 842 1678 quidem
866 1589 994 1677 suscepit
1011 1603 1134 1682 bellum,
1161 1604 1213 1662 sed

226 1711 313 1768 aeger
331 1697 522 1753 Tarraconem
545 1709 678 1751 reversus
699 1695 730 1754 G
749 1692 877 1752 Antistio
896 1698 927 1753 et
944 1697 979 1753 Τ
999 1695 1111 1756 carisio
1134 1696 1213 1766 lega-

226 1787 265 1843 tis
284 1777 435 1842 commisit.
475 1784 605 1850 Quorum
622 1801 711 1859 opera
729 1784 804 1842 istae
823 1789 924 1858 gentas
936 1788 1021 1862 plane
1033 1786 1221 1858 subiguntur,

173 1945 175 1954 y
226 1873 299 1958 (Dic
320 1874 471 1951 (111153,
491 1875 536 1932 25.
555 1875 662 1934 Justin.
682 1877 729 1954 44,
748 1873 1213 1960 5.),,11111111111)1111(π11-1

225 1969 353 2042 σαμένου
373 1959 406 2024 δὲ
422 1966 624 2042 1111111111
640 1972 756 2035 τούτου.
775 1968 833 2026 1111
850 1969 870 2028 1
889 1970 909 2029 l.
929 1965 993 2051 26.)
1011 1972 1213 2036 veteranorum
1249 2021 1255 2026 .

225 2059 338 2117 colonie
355 2057 495 2132 depasta
512 2059 649 2116 Emerita
671 2059 704 2115 in
721 2059 872 2116 Lusitania
893 2062 1027 2120 conditur
1044 2062 1211 2128 1121111

184 2165 187 2172 ’
225 2151 342 2222 Straton,
363 2151 427 2207 Oct.
451 2149 497 2205 20.
523 2149 568 2206 21.
594 2149 639 2206 85.
664 2149 741 2207 Flor.
767 2153 801 2226 4,
827 2151 872 2206 12.
892 2151 930 2206 te
949 2167 991 2224 sq.
1012 2152 1095 2208 Oros.
1114 2151 1144 2228 6,
1163 2150 1210 2207 21.

191 2237 193 2242 ’
224 2235 327 2314 Scalig.
338 2240 376 2297 ad
385 2240 491 2298 Euseb.
505 2239 564 2297 chr.
577 2240 825 2298 MDCCCCXCII.
837 2241 987 2312 Augustus
999 2257 1075 2298 anno
1094 2240 1219 2306 demun,

222 2333 288 2390 rso.
307 2325 402 2388 moero
420 2332 541 2389 aemam
558 2315 635 2388 herr
652 2323 704 2410 (es
724 2330 763 2387 aa
780 2329 828 2406 ee.
847 2331 883 2410 a,
903 2327 975 2412 11).
1012 2332 1087 2390 'rum
1101 2332 1221 2396 cana„

222 2425 269 2483 bri
287 2427 318 2481 et
335 2424 457 2481 Astures
476 2423 571 2498 denuo
589 2423 684 2486 motus
703 2421 827 2498 faciunt,
847 2421 1025 2489 sedcitoin
1036 2424 1211 2497 potestatam

99 2557 103 2568 .
222 2515 392 2587 rediguntur
411 2510 483 2590 (Dio
501 2515 549 2591 53,
567 2511 640 2596 aa).
677 2513 767 2572 Vides
792 2511 881 2584 igitur
903 2504 1211 2579 HoratiumCalendis

222 2607 308 2663 Mart.
328 2621 355 2662 a.
375 2603 438 2660 729.
459 2604 495 2662 de
516 2605 667 2663 Cantabris
687 2604 813 2662 subactis
831 2604 912 2678 loqui
929 2605 1068 2680 potuisse.

295 2695 400 2754 Eidem
422 2685 547 2769 tempori
571 2695 687 2769 egregie
711 2695 927 2754 accomodatum
952 2696 1099 2769 estquod
1123 2695 1221 2759 elicit:⁴

149 2805 151 2810 ’
186 2777 188 2784 ’
217 2790 349 2866 ,Medus
365 2783 495 2858 infestus
512 2788 570 2846 sibi
594 2791 739 2855 luctuosis
761 2789 895 2848 Dissidet
917 2785 1221 2848 1111111111.

120 2879 122 2894 '
222 2881 337 2937 thorum
354 2894 445 2950 regno
464 2878 527 2949 iam
545 2894 570 2936 a.
591 2879 655 2936 123.
674 2873 887 2936 contendebant
904 2881 1053 2936 Phraates
1071 2881 1103 2935 et
1122 2879 1220 2939 resa

222 2974 306 3030 dates
324 2964 398 3048 (Dio
417 2970 464 3046 51,
484 2965 556 3050 18.).
593 2969 650 3030 1111
667 2969 761 3026 nctus
781 2970 853 3028 abiit
870 2969 1039 3046 inSyriam,
1058 2969 1112 3026 sed
1128 2986 1222 3030 rece.

166 3057 169 3062 ’
220 3061 265 3138 pit
282 3076 417 3140 regnum,
437 3079 502 3120 cum
518 3062 658 3134 Phraates
677 3061 714 3119 ab
733 3061 798 3134 ipso
816 3061 923 3137 populo
941 3061 974 3118 irr
992 3061 1125 3118 exsilium
1143 3061 1220 3133 pule,

200 3166 271 3210 'sus
290 3155 375 3209 esset.
412 3153 551 3212 Phraates
569 3140 641 3209 vero¹
658 3152 807 3210 immensis
826 3153 997 3226 Scytharum
1020 3151 1137 3208 auxiliis
1154 3150 1222 3212 ad·,
1347 3164 1354 3180 ·

215 3241 298 3314 jutus
316 3241 423 3300 bellum
440 3247 570 3318 parate.
589 3242 653 3300 729.
691 3243 767 3301 Hine
778 3243 928 3302 Teridates
948 3243 1067 3320 „audito
1079 3240 1206 3298 adventu

220 3331 389 3406 Scytharum
416 3350 481 3390 cum
504 3351 608 3406 magna
635 3334 792 3414 amicorum
820 3350 908 3392 manu
935 3335 973 3391 ad
998 3335 1150 3392 Caesarem
1174 3333 1223 3390 in..

218 3421 391 3500 Hispaniam
414 3422 520 3481 bellum
544 3428 613 3484 tunc
636 3425 775 3498 temporis
800 3429 948 3496 gerentem
967 3408 1109 3500 prodegit,
1127 3422 1206 3480 obsi-

220 3515 287 3573 dem
307 3513 424 3574 Caesari
442 3513 591 3573 minimum
609 3515 698 3574 hlium
714 3515 847 3593 Phraatis
871 3519 983 3592 111111,
1008 3531 1095 3590 quem
1114 3513 1207 3586 negli-

219 3607 334 3676 gentius
351 3603 527 3684 custoditum
544 3607 699 3678 rapuerat'’
700 3647 709 3684 ,
727 3587 871 3665 referente
888 3607 1003 3666 Justino
1026 3607 1093 3664 libr.
1112 3605 1160 3683 12,
1178 3605 1205 3662 5.

162 3765 167 3782 Ι
219 3692 248 3772 5.
268 3697 295 3755 6.
341 3697 480 3756 Phraates
504 3696 616 3768 legatos
640 3698 761 3756 Romam
785 3699 865 3756 misit
890 3697 1066 3773 „repetitum
1090 3713 1207 3754 serrum

150 3866 152 3872 y
220 3801 303 3847 suum
321 3788 487 3849 Teridatem
502 3791 536 3864 ¹et
554 3789 671 3850 filium.'’
701 3789 768 3866 Ipse
780 3787 931 3850 Teridates
943 3787 1051 3874 Romae
1063 3790 1204 3848 versatur.
