2776 4582
530 289 770 376 '-1sr-

165 473 248 546 mota
266 474 359 548 atquo
373 470 542 545 5111515551.
585 473 750 534 9515155155
778 470 945 548 patentium
975 475 1083 550 campis
1107 475 1151 534 iu·
1230 483 1232 486 ·

169 563 316 637 equitant:
334 566 365 620 et
382 563 436 620 hos
454 579 508 638 per
525 562 650 622 eundem
667 564 821 623 Lentulum
845 563 998 638 prohibere
1015 567 1151 626 Danubio

168 654 240 712 satis
267 654 330 712 tuit.
379 654 460 714 Nihil
486 658 603 729 praeter
628 656 728 732 nives,
755 671 892 730 rarasque
920 655 1007 713 silvas
1034 656 1151 714 habent.

166 745 262 802 Tanta
279 744 428 802 barbaries
447 749 508 822 est,
526 749 560 804 ut
577 763 680 823 pacem
691 763 751 805 nou
762 746 951 818 mtemganv'
980 748 1042 806 Nee
1060 745 1152 804 diser·

167 834 226 891 tior
243 836 327 894 testis
346 839 392 893 est
407 836 526 902 ,streton
546 839 610 896 Oct.
630 839 693 898 21.:
722 837 879 916 „Gocrcnit
897 840 927 894 et
943 839 1089 896 Dacorum
1106 838 1151 894 in·

168 925 331 1002 cursiones,
351 927 443 984 tribus
463 943 562 986 eorum
581 929 701 990 ducibus
720 945 785 987 cum
805 943 910 1000 magua
928 929 1018 1003 copia
1030 930 1152 988 caesis.”
1276 970 1278 976 ι

242 1018 395 1075 Caeterum
411 1017 480 1076 latri
498 1019 613 1077 accolae
631 1037 650 1078 a
667 1021 764 1096 poetis
782 1022 814 1077 at
830 1019 962 1093 inprimis
981 1019 1018 1076 ab
1028 1020 1151 1104 lloratio

166 1109 228 1164 tum
245 1107 370 1164 manime
381 1113 649 1189 commemorantur,
668 1129 734 1169 cum
746 1111 783 1168 de
793 1111 969 1182 gravissimis
982 1112 1012 1167 et
1022 1111 1150 1184 pertina-
1192 1101 1194 1110 ⁴

165 1189 495 1258 cissimi'Romanorum
503 1202 637 1259 hostibus
647 1202 864 1278 dicendumest,
873 1202 917 1258 ita
925 1204 958 1258 nt
965 1202 1148 1279 Scytharum,

165 1289 395 1362 Massagetarum
407 1285 470 1372 (od.
486 1292 513 1369 1,
533 1292 579 1348 35.
593 1290 666 1373 to),
687 1293 872 1366 Gelonem,
891 1292 1045 1368 Thracum,
1055 1294 1150 1351 Daco-

163 1395 285 1454 rumque
293 1382 410 1438 nomina
418 1383 528 1456 pariter
536 1382 792 1459 atqueMedorum,
798 1381 1150 1457 Persarum‚Parthorum·

165 1463 222 1544 qne
231 1471 315 1546 apud
323 1473 476 1530 Horatium
484 1489 553 1531 vere
563 1469 671 1532 θετικὰ
682 1472 784 1530 haberi
797 1475 912 1545 queant
940 1472 986 1530 lta
996 1473 1028 1529 in
1040 1489 1077 1530 eo
1089 1490 1151 1532 car·

163 1560 257 1638 mino,
283 1562 401 1638 dequo
426 1564 554 1641 agimus,
585 1579 645 1621 non
668 1563 706 1622 ob
731 1562 875 1634 singulare
899 1562 1017 1638 aliquod
1041 1565 1149 1624 sactum

163 1652 336 1724 Scytharum
354 1656 462 1713 mentio
480 1658 558 1714 lacta
577 1657 638 1731 est,
664 1654 717 1732 sed
741 1654 819 1728 quod
842 1653 906 1710 noti
930 1656 960 1710 51
984 1657 1031 1712 sat
1054 1655 1155 1736 odiosi

163 1743 261 1801 hostes
281 1749 388 1804 essent.
425 1746 471 1804 lta
488 1763 516 1805 a.
535 1747 600 1803 727.
626 1746 688 1803 sine
707 1745 766 1802 nllo
785 1745 899 1803 delectu
918 1745 1034 1819 scripsit
1051 1747 1098 1804 od.
1120 1747 1148 1823 1,

163 1833 209 1890 35.
229 1836 272 1891 az
297 1837 363 1911 „Te
387 1839 485 1894 Dacus
504 1843 606 1910 asper,
625 1839 656 1890 te
672 1831 795 1908 profioqi
811 1837 938 1910 Scythae
956 1829 1149 1918 (metuunt).”

236 1924 417 1980 oum
434 1923 513 1980 xx.
535 1926 625 2002 „Vite
638 1925 776 1997 5515115υ
794 1925 1073 2001 quantulumcunque
1093 1931 1148 2005 est,
1252 1923 1254 1928 ’

63 2017 67 2021 ’
161 2014 280 2072 unicum
297 2018 396 2074 tamen
413 2016 547 2074 solatium
566 2015 683 2090 solaque
701 2031 795 2090 paene
814 2032 882 2089 spes
901 2031 1000 2072 eorum
1019 2016 1079 2094 est,
1097 2020 1148 2093 qni
1225 2012 1227 2021 ⁴

161 2123 229 2164 suas
247 2109 408 2181 temporum
426 2107 655 2182 computationes
673 2106 791 2178 infringi
809 2106 948 2180 paulatim
965 2110 997 2163 et
1014 2124 1147 2166 corruere
1191 2153 1195 2162 ,

161 2197 299 2255 sentiunt.
336 2199 400 2256 Hoc
418 2200 496 2276 enim
513 2202 596 2264 meae
608 2198 716 2256 rationi
734 2200 834 2272 aperte
847 2197 994 2255 adversari
1013 2198 1146 2276 clamant,

159 2289 267 2362 quippe
286 2289 363 2362 quod
382 2290 533 2348 evidenter
550 2307 576 2354 a.
597 2290 661 2347 735.
687 2293 837 2348 exaratum
860 2289 900 2346 sit
917 2283 976 2370 (ct.
1001 2290 1146 2348 Vanderb.
1195 2312 1201 2325 ·
1289 2333 1292 2340 .

158 2378 182 2437 1.
201 2395 230 2453 p.
250 2380 307 2436 316
326 2397 386 2457 sq,
411 2382 528 2439 11155155.
555 2384 666 2454 quaest.
692 2396 721 2454 p.
746 2383 774 2438 9.
800 2378 829 2457 §.
854 2381 900 2437 29.
926 2396 955 2453 p.
974 2381 1020 2437 31.
1040 2379 1068 2456 §.
1088 2382 1146 2458 57.,

158 2469 264 2540 Lange·
276 2471 308 2527 in
326 2471 420 2544 annal.
441 2472 504 2527 crit.
523 2471 652 2550 Beroliu
669 2471 751 2526 1835.
764 2471 820 2527 vol.
830 2471 867 2526 Π.
881 2487 911 2543 p.
924 2465 1015 2549 861.)
1036 2471 1146 2528 Omale

159 2560 288 2635 feriatos,
307 2560 429 2632 impium
445 2560 535 2616 lenite
549 2559 716 2617 clamorem!
734 2560 800 2619 Non
813 2559 948 2632 equidem
966 2576 1031 2618 cum
1049 2561 1146 2618 Peerl-

91 2651 93 2659 ’
158 2650 277 2724 kampio
295 2649 418 2706 odarion
442 2649 613 2721 abjudicabo
636 2649 759 2707 Horatio
777 2643 835 2731 (51.
861 2649 934 2708 Lud.
958 2651 1094 2709 Doederl
1113 2651 1145 2708 in

157 2740 233 2798 Mus.
252 2740 345 2798 Rhen.
365 2757 392 2798 a.
412 2741 494 2798 1837.
513 2743 583 2798 fasc.
603 2741 630 2798 4.
649 2758 678 2815 p.
698 2740 763 2798 598.
782 2735 910 2818 5199),
935 2744 967 2798 at
983 2742 1074 2800 libem
1093 2755 1145 2817 pa·

157 2833 308 2910 1515515511,
327 2848 413 2906 quam
431 2832 535 2890 misere
554 2832 684 2907 plerique
703 2833 842 2890 calculum
860 2832 1059 2891 subduxerint
1184 2831 1187 2845 “

161 2995 164 3002 ¹
231 2923 368 2987 Horatius
386 2923 565 3000 Maecenati,
585 2939 671 2998 quem
688 2926 809 2981 noverat
828 2923 905 2998 apud
924 2939 956 2980 se
974 2922 1006 2978 in
1024 2922 1144 2997 praedio

157 3015 265 3074 Sabim
276 3017 462 3072 coenaturum
471 3015 518 3092 vel
528 3016 625 3088 potius
636 3015 795 3072 bibiturum
806 3006 881 3090 esse,
894 3014 1052 3088 potandum
1059 3015 1155 3089 polli-·

157 3109 240 3164 cetur
269 3108 328 3164 5115
350 3105 498 3165 Salicum
522 3123 559 3163 5ο
582 3121 659 3163 anno
683 3122 702 3162 a
726 3120 758 3161 55
783 3104 945 3181 conditum,
976 3118 1034 3179 quo
1059 3106 1087 3165 ei
1110 3107 1142 3164 in

157 3198 272 3255 theatro
290 3197 408 3271 plausus
427 3198 511 3254 datus
531 3198 577 3255 sit.
609 3195 700 3270 Atqui
712 3195 868 3252 honorifica
886 3195 941 3252 hac
952 3197 1031 3268 vulgi
1043 3197 1142 3255 obser·

156 3288 257 3345 vantia
280 3288 434 3345 Maecenas
458 3289 579 3346 affectus
604 3290 651 3344 551
674 3286 777 3344 eodem
801 3300 893 3363 anno,
922 3289 1141 3360 quo'lloratins

157 3378 269 3437 arboris
288 3395 356 3436 casu
381 3379 413 3436 in
437 3395 578 3438 summum
602 3378 679 3436 vitea
705 3377 859 3434 discrimen
883 3377 978 3454 venit,
1002 3382 1036 3436 ut
1060 3382 1142 3455 patet

155 3483 175 3524 e
198 3487 285 3528 carm.
310 3471 344 3546 2,
371 3468 415 3526 17.
440 3469 577 3527 21-39.
621 3470 684 3527 1155
703 3471 806 3525 'autem
829 3455 1032 3545 intortunium,
1058 3469 1141 3539 cnjus
1221 3534 1225 3540 .

157 3565 259 3634 quater
276 3561 407 3619 meminit
424 3565 511 3636 poeta
530 3556 631 3641 (earm.
651 3560 680 3635 2,
694 3560 737 3618 13.
751 3559 779 3635 2,
794 3559 841 3614 17.
853 3559 881 3637 3,
900 3560 927 3617 4.
941 3560 986 3616 27.
1000 3559 1068 3634 513,
1083 3551 1138 3639 8.),
1253 3582 1255 3588 ·

156 3665 214 3707 uno
233 3668 308 3709 anno
327 3649 394 3710 ante
413 3651 521 3710 accidit
538 3666 625 3726 qnam
643 3649 816 3720 scriberetur
828 3665 913 3708 carm.
933 3651 962 3726 3,
975 3649 1018 3706 8.r
1031 3650 1155 3725 „Mor·.

153 3744 205 3800 aas
221 3745 364 3802 amarat
399 3744 478 3816 Ergo
502 3743 529 3800 51
543 3741 637 3813 ’155155
661 3741 734 3798 odae
753 3757 859 3798 annum
876 3741 1001 3798 natalem
1018 3739 1138 3796 investi·

108 3859 111 3872 ·
155 3832 279 3912 caveris,
299 3835 382 3892 simul
400 3835 519 3894 inventa
530 3836 575 3892 est
587 3835 667 3906 aetas
680 3831 727 3890 od.
741 3832 769 3910 2,
784 3833 827 3892 13.
864 3833 942 3909 „ide
960 3827 1138 3904 5111515515)
