2792 4576
621 347 827 410 „52-

232 512 331 569 ritutis
350 511 461 569 crimen
480 508 611 568 subierit.
649 511 690 568 At
709 509 830 584 sepultis
848 507 933 566 bellis
953 507 1102 585 civilibus,
1127 509 1222 584 sopito

232 619 376 660 armorum
399 604 511 678 lurore,
541 600 660 675 antiqua
687 599 864 674 reipublicae
893 600 984 656 torma
1011 601 1222 672 quodammodo

232 697 376 769 revocata,
396 708 461 748 cum
479 707 594 748 omnem
611 693 796 766 potestatem,
816 692 849 745 ut
866 689 909 744 ait
926 690 1054 767 Tacitus,
1074 691 1113 750 ad
1132 707 1220 748 unum

232 784 357 842 conferri
374 783 455 857 pacis
474 783 644 858 interesset,
674 797 740 837 cum
764 780 857 838 cultus
882 779 975 857 agris,
1005 781 1094 838 sacris
1119 782 1221 858 honos,

233 875 372 932 securitas
391 872 572 949 hominibus,
598 874 677 930 certa
702 871 805 945 cuique
824 887 921 928 rerum
940 888 1056 929 suarum
1074 873 1223 946 possessio

231 965 377 1022 redirent:
397 964 486 1020 etiam
503 963 641 1020 Horatius
658 978 752 1019 norae
771 979 868 1020 rerum
887 962 1044 1020 conditioni
1061 962 1104 1020 ita
1122 980 1221 1022 assue-
1260 977 1263 986 ’

232 1055 291 1133 vit,
319 1057 368 1130 ut,
398 1045 463 1110 cum
488 1053 520 1108 in
538 1063 574 1109 e'a
593 1052 654 1110 sola
672 1053 783 1126 patriae
802 1055 925 1111 salutem
944 1056 1029 1111 sitam
1048 1070 1112 1110 esse
1130 1053 1222 1128 probe

231 1145 417 1220 intelligeret,
437 1142 544 1200 oblitus
563 1144 704 1220 malorum
723 1148 845 1202 axtcma
864 1146 960 1218 quiete
979 1145 1125 1218 animique
1144 1147 1221 1201 tran·

201 1303 213 1324 7
232 1235 373 1310 quillitate
392 1237 563 1307 recuperata
588 1236 649 1290 tum
674 1234 806 1292 advitae
831 1232 967 1292 mollioris
993 1235 1174 1292 dulcedinem
1193 1236 1222 1289 et

231 1327 394 1400 voluptates
413 1324 549 1382 fruendas
567 1328 718 1400 promptus
737 1328 912 1400 paratusque
923 1327 1008 1380 esset
1021 1322 1061 1403 ¹),
1080 1327 1142 1380 tum
1152 1323 1222 1379 Les·

231 1417 281 1475 bio
300 1417 418 1491 plectro
429 1415 477 1472 vel
488 1414 641 1487 juvenum
660 1433 762 1493 curas,
777 1420 894 1490 proelio
911 1418 1062 1488 circinum
1081 1421 1110 1472 et
1126 1415 1222 1471 libera

231 1494 464 1580 amaresceret,
488 1505 537 1560 vel
561 1509 669 1562 laudea
687 1510 798 1579 epreqtt
820 1507 960 1562 Caesaris
985 1504 1144 1568 communis
1161 1503 1225 1561 lae-'

231 1599 314 1655 litiae
333 1597 476 1667 interpres
496 1592 663 1648 celebraret.
701 1593 747 1648 lta
765 1594 854 1663 igitur
878 1595 915 1650 ab
936 1610 971 1650 eo
990 1597 1137 1670 ternpore,
1163 1611 1221 1668 quo
1315 1661 1321 1674 ,

231 1683 407 1758 reipublicae
426 1680 631 1737 immutabatur
648 1683 748 1758 lomna,
768 1681 931 1754 inlyricam
941 1686 1044 1758 poesin
1054 1685 1230 1756 incubuisse¹

231 1774 355 1831 videtur.
393 1770 514 1829 Accedit
543 1771 620 1844 quod
648 1787 723 1828 anno
753 1772 868 1830 demum
892 1792 920 1831 u.
947 1792 970 1831 c.
997 1775 1061 1832 721.
1087 1775 1218 1832 ve1722.

110 1919 113 1926 f
144 1913 147 1918 .
232 1862 409 1922 Maecenatis
428 1861 602 1918 liberalitate
621 1863 733 1936 accepit
751 1860 899 1946 villam²).
931 1866 1039 1931 Quidni
1059 1853 1224 1940 enimcum

201 2025 204 2038 ι
232 1957 264 2013 in
281 1957 358 2013 nova
382 1953 564 2030 potissimum
589 1953 658 2010 sede
686 1956 748 2009 tum
777 1957 879 2013 crebra
901 1960 1021 2014 naturae
1047 1959 1221 2031 contempla·

232 2048 322 2122 tione,
342 2048 404 2102 tum
422 2044 567 2101 indefesso
587 2058 755 2113 graecorum
772 2046 929 2116 lyricorum
942 2048 1048 2122 studio,
1067 2041 1221 2124 elecem),

231 2138 372 2210 sappum
384 2132 423 2213 ⁴),
447 2133 646 2192 Anacreontis
659 2127 697 2212 ⁵),
721 2137 881 2196 &melon
892 2136 929 2213 ·)‚
947 2139 1077 2195 Pindari
1089 2136 1126 2216 ⁷),
1148 2139 1220 2197 Cal-

232 2226 354 2284 umacus·
366 2217 411 2302 ⁸),
436 2222 628 2292 elegiacorum
647 2224 767 2298 metuet
779 2219 823 2304 ⁹),
848 2228 1021 2284 Mimnermi
1033 2222 1093 2305 ¹⁰),
1118 2230 1219 2286 srmo-

33 2317 63 2405 ,'
119 2325 120 2330 ’
232 2306 370 2391 atdcbss)
389 2312 498 2369 -hos
517 2312 595 2368 enim
614 2311 968 2372 solos'sommemorat-
986 2318 1130 2376 molliores
1148 2318 1220 2390 lyri-

246 2665 250 2678 ,
300 2615 329 2678 1)
346 2615 383 2662 cf.
400 2613 516 2662 Wialaud.
532 2612 620 2662 iutrod.
638 2615 690 2663 Sat.
708 2615 738 2674 3,
755 2611 786 2664 a:
811 2614 909 2665 Kircbu.
926 2623 1019 2682 quaest.
1036 2635 1060 2683 p.
1078 2621 1118 2670 28.
1135 2618 1160 2681 §-
1177 2618 1218 2668 63.

300 2698 329 2758 3)
345 2696 424 2745 Villae
440 2697 540 2757 primunr
555 2696 644 2745 mentio
661 2698 727 2745 facta
748 2698 801 2746 Sat.
818 2701 847 2758 3,
870 2701 894 2749 3.
916 2700 957 2750 10.
985 2703 1016 2750 ct.
1046 2702 1165 2750 Obbariur
1192 2700 1218 2746 iu

233 2763 338 2813 Seebod.
362 2766 387 2810 et
399 2761 477 2822 ,lulum
499 2763 577 2810 annal.
600 2775 656 2810 ann.
673 2763 747 2812 1833.
764 2765 811 2813 vol.
827 2765 847 2813 Ι.
864 2766 924 2816 fasc.
940 2766 965 2814 4.
988 2782 1011 2828 p.
1028 2767 1076 2816 383
1094 2781 1129 2827 sq.
1152 2770 1177 2813 et
1193 2765 1218 2812 iu

234 2831 311 2878 diurn.
335 2827 470 2876 Darrnstad.
493 2827 558 2875 liter.
581 2827 653 2876 1834.
676 2844 699 2890 p.
717 2828 772 2878 918.
789 2831 881 2880 Weiclr.
896 2847 920 2894 p.
938 2832 980 2878 rel.
997 2846 1020 2892 p.
1037 2831 1159 2880 4681101.
1176 2828 1218 2880 44.
1271 2834 1274 2843 “

161 2938 163 2946 ,
234 2900 259 2945 et
275 2897 376 2945 Parsov.
392 2897 441 2942 uot.
458 2892 516 2942 20⁰.
532 2907 555 2954 p.
572 2893 658 2941 XCIV.

254 3006 256 3010 ·
300 2979 329 3040 ³)
346 2977 384 3024 Cf·
409 2975 449 3024 ode
474 2974 498 3029 ¹0
522 2975 561 3024 82·
578 2976 603 3022 ὅ·
619 3001 653 3012 ’“
670 2975 693 3034 2,
710 2976 750 3026 18¹
768 2978 808 3028 86·
825 3007 858 3016 ·“·“
874 2976 898 3034 4,
916 2977 939 3024 9·
956 2977 980 3024 τι
996 3005 1030 3014 '¹'-
1047 2979 1119 3041 epm·
1135 2979 1159 3038 ¹,
1177 2979 1218 3028 1⁹0
1256 2995 1259 3002 ¹

233 3043 274 3096 39.
291 3042 447 3101 0133-3,
464 3041 488 3089 2.
501 3040 540 3090 99.
557 3045 696 3102 practerea:
713 3042 751 3090 od.
768 3043 792 3102 1,
810 3044 833 3094 1.
851 3044 891 3093 34.
908 3043 1031 3102 (Lesbous
1047 3046 1176 3108 barbitos),
1192 3045 1217 3104 1,

233 3109 331 3159 3611.
348 3109 475 3170 (Lesbium
492 3108 634 3170 plectrum),
646 3109 684 3166 ·4,
708 3109 731 3158 6.
749 3111 789 3160 33.
807 3109 933 3172 (Lesbium
950 3116 1047 3160 servate
1063 3111 1175 3176 pedem),
1192 3114 1217 3170 3,

233 3176 274 3225 30.
292 3175 333 3224 13.
350 3179 375 3223 et
392 3176 416 3234 4,
434 3174 516 3224 313.
533 3173 648 3234 (aeolium
665 3178 782 3238 carmen).

298 3256 383 3319 4)'od
400 3257 424 3314 2,
441 3255 482 3305 13.
497 3257 540 3306 ab.
557 3257 628 3320 epist.
645 3256 669 3315 1,
685 3256 726 3306 19.
743 3257 783 3306 38.

298 3341 315 3387 o
345 3337 415 3400 epod.
431 3337 472 3396 14,
488 3338 530 3387 10.
547 3340 586 3387 od.
603 3340 627 3398 4,
644 3339 667 3390 9.
685 3339 708 3388 3.

313 3751 342 3811 0)
361 3751 431 3812 epist.
447 3748 472 3808 1,
489 3749 512 3799 6.
530 3751 570 3797 tt.
587 3749 611 3806 3,
629 3747 652 3796 3.
669 3748 726 3799 101.

315 3831 342 3894 1)
360 3832 398 3880 od.
415 3831 444 3890 3,
461 3830 485 3881 1.
503 3830 543 3914 38.
560 3829 626 3879 Ceae
643 3833 745 3880 naeniae
761 3847 866 3883 munera.
884 3835 913 3896 4,
931 3829 995 3887 9.’7.
1013 3838 1079 3890 Ceae
1096 3854 1215 3891 camenae.
