2792 4576
623 275 664 286 ..
704 241 748 308 20
787 271 829 286 ..

235 399 489 487 cremabatur‘),
508 405 571 460 tum
588 401 657 462 inde
676 402 813 480 efficimr,
832 402 911 479 quod
928 415 987 462 uon
1005 403 1098 462 solum
1112 404 1221 466 tamilla

232 493 313 552 ribus
333 488 517 576 Octavianil)
542 493 694 568 aliquoties
719 494 810 553 illusit
834 494 1005 569 sedipsum
1019 494 1126 572 ¹ctiam,
1152 495 1221 556 dum

231 583 322 642 vitam
349 586 524 660 impudicam
547 586 661 645 acerbe·
674 583 857 662 perstringit,
883 588 959 643 tecte
978 579 1133 666 corpur),
1158 588 1220 644 tuni

231 676 310 748 qnod
334 677 432 734 statim
455 677 488 734 in
510 677 605 734 tronto
624 675 745 736 secundi
761 676 915 734 voluminis
934 674 1009 758 (Sat
1028 675 1057 752 2,
1077 675 1169 734 1.’10.
1188 679 1219 734 et

230 765 276 824 84.
297 766 325 841 2,
344 767 372 823 5.
391 764 472 849 62),
491 767 569 841 quod
586 783 647 823 non
663 767 706 823 ita
722 767 813 824 multo
837 770 904 842 post
928 783 1052 844 pugnam
1069 766 1218 824 Actiacam
1295 759 1298 770 ¹

228 855 338 930 publici
356 848 432 928 jurls‘
456 859 564 916 actum
586 856 764 934 ridebimus,
789 860 849 916 tam
874 859 1005 918 dextram
1032 861 1219 931 ornatamque

230 947 384 1004 Octaviani
400 948 518 1006 laudem
534 947 660 1005 intexuit
672 949 815 1026 sermoni,
834 952 868 1008 ut
886 951 1014 1010 dubitari
1037 964 1097 1007 non
1123 949 1218 1024 possit

228 1037 314 1118 quin,
334 1055 420 1113 quam
439 1042 527 1098 antea
544 1039 573 1096 ei
590 1038 719 1095 nondum
742 1040 1101 1103 tribueratreverentiam
1119 1043 1150 1096 et
1166 1055 1217 1096 ve·

227 1128 409 1206 recundiam,
438 1147 503 1188 eam
529 1131 592 1186 tum
624 1131 720 1204 palam
753 1132 878 1190 voluerit
911 1133 1051 1189 attestari.
1105 1129 1216 1198 Quodsi

227 1219 316 1290 igitur
333 1223 444 1279 certum
463 1224 509 1279 est
525 1219 678 1280 Horatium
696 1237 732 1278 eo
750 1224 895 1300 tempure,
915 1236 972 1296 quo
990 1221 1095 1279 librum
1109 1221 1134 1278 1.
1150 1221 1216 1276 Ser·
1340 1267 1344 1278 .

226 1325 343 1368 monum
370 1314 547 1392 composuit,
576 1311 705 1370 nondum
732 1313 892 1373 Octaviano
919 1312 1041 1388 favisse,
1072 1327 1127 1368 nee
1157 1309 1216 1384 ipsi

224 1402 387 1462 innotuisse
395 1400 442 1486 7),
471 1402 666 1480 quaerendum
692 1405 767 1486 erit,
802 1403 917 1478 quando
949 1405 978 1484 ei
1005 1402 1080 1460 bene
1108 1415 1215 1476 cripere

224 1495 361 1570 coeperit.
404 1495 440 1552 ld
463 1497 561 1550 autem
584 1492 694 1566 aliquot
717 1494 800 1550 annis
825 1497 891 1550 ante
915 1508 1042 1567 pugnam
1065 1493 1215 1550 Actiacam

223 1586 331 1642 factum
349 1601 413 1646 esse
431 1583 515 1640 valde
534 1583 684 1658 probabile
703 1587 757 1641 est
795 1584 912 1642 Etenim
926 1599 995 1640 mon
1018 1584 1112 1641 solum
1131 1582 1214 1642 brevi

222 1673 383 1747 posthanc
400 1677 536 1750 „victore
559 1677 658 1734 laetas
680 1676 830 1734 cuccore’i
854 1675 980 1732 exsultat
1004 1690 1093 1749 seque
1112 1676 1213 1747 aperte

222 1763 284 1836 eius
302 1765 402 1837 partes
421 1768 589 1839 sequentem
607 1765 706 1841 prodit
724 1765 808 1841 epod.
828 1765 855 1822 9.
875 1758 925 1846 (v.
944 1759 971 1822 2.
991 1764 1123 1824 21-24.
1142 1757 1213 1845 37.)

221 1855 280 1912 Sat.
300 1855 329 1933 2,
348 1857 376 1914 6.
396 1855 431 1914 51
452 1874 494 1930 sq.
515 1857 561 1915 od.
583 1857 616 1935 l,
636 1857 682 1914 37.
703 1857 739 1913 16
758 1871 800 1930 sq.
821 1858 852 1912 ct
875 1860 943 1916 ante
967 1873 1032 1914 eam
1049 1854 1212 1912 Maecenati

219 1945 251 2003 in
268 1946 377 2005 bellurn
389 1935 558 2023 'profecturo
577 1965 609 2004 se
628 1947 763 2004 comitem
775 1963 840 2004 esse
852 1947 928 2004 velle
938 1950 1128 2021 paratumque
1146 1961 1212 2002 esse

218 2053 304 2095 omne
329 2040 462 2098 caesaris
485 2039 645 2113 pericnlum
667 2054 731 2094 una
750 2038 848 2096 subire
867 2037 968 2095 scribit
986 2037 1070 2111 epod.
1091 2038 1135 2112 1.‚
1159 2035 1213 2092 sed

218 2129 300 2202 prius
325 2128 413 2186 ctiam
437 2143 504 2185 cum
526 2129 695 2186 Maecenate
720 2128 813 2204 diem,
839 2143 896 2200 quo
921 2129 987 2184 Sex.
1006 2125 1175 2201 Pompeium
1192 2142 1212 2182 a

220 2219 344 2277 Caesare
367 2219 477 2276 victum
501 2235 565 2276 esse
589 2219 708 2275 nuntius
739 2218 842 2276 allatus
870 2220 933 2274 erat
959 2218 1096 2293 Romam,
1126 2216 1211 2274 iestis

135 2311 137 2316 ’
218 2308 342 2384 dapibus
360 2309 517 2368 celebravit
535 2302 636 2390 (epod.
656 2310 692 2386 9,
710 2303 757 2389 7.)
774 2309 795 2366 i.
815 2326 841 2365 e.
861 2325 938 2368 anno
956 2324 985 2366 u.
1005 2325 1030 2366 c
1049 2309 1131 2390 718,
1151 2323 1208 2383 quo

218 2401 286 2459 Sex.
310 2401 410 2475 Pomp.
435 2401 537 2460 Asiam
559 2401 649 2478 fugit,
674 2402 725 2457 aut
748 2416 775 2457 a.
800 2399 882 2477 tra,
907 2416 966 2474 quo
986 2399 1134 2472 jugulatus
1153 2402 1207 2456 cst.

218 2492 297 2559 Quid
314 2485 439 2550 miruml
475 2493 523 2550 Ex
540 2508 598 2566 quo
616 2494 746 2565 tempora
758 2492 897 2573 Horatius
914 2491 1075 2551 fautoribus
1094 2493 1125 2550 et
1137 2491 1208 2548 emi-
1259 2497 1264 2504 ’

216 2583 259 2640 cis
284 2582 433 2658 utebatur,
457 2583 509 2656 qui
533 2583 685 2642 Octaviani
708 2585 806 2657 paries
830 2584 1002 2660 probarent,
1027 2578 1206 2655 Maecenate,

217 2672 353 2750 Virgilio,
377 2673 466 2732 Vario
484 2669 611 2751 (lVeich.
632 2674 668 2734 de
685 2674 753 2732 Ver.
773 2677 804 2734 et
824 2677 904 2736 Cass.
924 2693 953 2752 p.
973 2675 1009 2732 33
1029 2687 1071 2745 sq.
1092 2673 1122 2730 et
1140 2663 1204 2750 72.)

229 2972 231 2980 .
283 2933 313 2999 4)
329 2929 402 2984 Nu'de
423 2937 548 2999 utramque
570 2941 736 2987 commemorat
758 2939 810 2987 sat.
831 2938 861 2997 1,
883 2938 917 2986 3..
930 2932 955 2983 4.
977 2930 1086 2998 (Gaas.)
1108 2935 1133 2982 et
1149 2932 1203 2982 Sat.

217 3002 242 3062 1,
258 3005 282 3052 b.
300 3003 340 3051 33.
356 3001 516 3067 (Antonium).
537 3001 592 3052 Neo
606 3004 729 3068 probabile
746 3009 797 3065 est,
819 3001 883 3068 quod
898 2997 988 3048 Weich.
1005 3015 1028 3062 p.
1045 3014 1065 3047 r.
1081 3013 1137 3062 pag.
1153 2999 1203 3049 443

216 3083 254 3130 sq.
269 3066 300 3116 dc
315 3068 373 3118 Var.
390 3072 415 3117 et
437 3069 505 3118 Cass.
522 3084 546 3133 p.
567 3071 625 3122 267.
647 3075 697 3120 not.
719 3073 760 3123 48.
784 3075 809 3121 et
830 3085 854 3132 p.
876 3067 933 3117 370.
955 3066 1054 3126 statuit,
1075 3065 1203 3115 Horatium

216 3133 251 3184 Μ.
267 3133 369 3184 Antonio
386 3135 509 3185 triumviro
526 3137 630 3198 lavisse,
653 3140 710 3202 quia
730 3139 777 3202 ipsi
798 3149 851 3184 cum
871 3133 924 3181 Julo
946 3130 1063 3192 Antonio,
1084 3131 1202 3181 triumviri

213 3199 278 3320 340,
306 3201 382 3330 αἰτίαι·
401 3201 552 3252 familiaritas
578 3205 744 3260 intercesserit
772 3198 880 3264 (Weiolr.
903 3197 935 3248 de
955 3197 1014 3248 Var.
1037 3201 1063 3248 et
1084 3199 1153 3248 Cata.
1176 3213 1201 3263 p.

167 3302 171 3316 .
279 3281 336 3330 sq..

281 3350 310 3413 b)
325 3349 351 3398 in
367 3350 420 3400 Sat.
437 3351 462 3401 2.
478 3351 611 3414 Tigellium,
629 3353 657 3400 c.
675 3349 831 3414 Cupiennium
841 3345 958 3398 Libonem
974 3350 999 3397 ct
1014 3361 1039 3397 v.
1055 3347 1096 3397 26.
1112 3345 1201 3410 Agrip-

214 3427 270 3478 paru
291 3415 421 3476 (inmerito
442 3418 567 3466 dubitante
588 3417 679 3465 Weiclr.
700 3411 790 3478 p.'rel.
806 3429 831 3477 p.
847 3414 932 3478 466),
954 3415 980 3463 in
996 3414 1049 3462 aar.
1070 3412 1094 3463 4.
1117 3417 1143 3461 et
1158 3412 1200 3464 1⁰.

215 3481 343 3543 Petillium,
360 3483 418 3532 alibi
439 3484 500 3531 alios
522 3483 626 3546 sugillat.
649 3497 673 3532 v.
694 3482 749 3530 infr.
772 3480 805 3529 ad
827 3481 879 3531 Sat.
901 3481 931 3542 1,
947 3482 973 3532 2.
988 3484 1015 3530 et
1029 3479 1120 3529 Weiclr.
1136 3495 1161 3544 p.
1178 3493 1199 3528 r.
1300 3515 1306 3526 .

214 3560 239 3610 p·
255 3549 312 3599 298.
328 3549 386 3600 423.
403 3549 460 3600 423.
476 3549 578 3598 Passov.
593 3548 637 3597 rit.
653 3551 703 3597 not.
718 3548 776 3599 166.
794 3551 819 3596 et
835 3545 909 3600 264..

281 3631 311 3694 6)
326 3629 418 3680 Wclolr.
435 3629 466 3678 de
481 3629 539 3680 Var.
556 3633 582 3680 et
597 3629 666 3679 Cass.
683 3647 707 3696 p.
724 3631 764 3682 34.

279 3711 309 3777 7)
323 3711 360 3762 lle
382 3712 497 3771 Octavio,
519 3712 559 3776 qui
580 3714 633 3763 Sat.
655 3712 679 3774 1,
701 3714 743 3766 1⁰.
765 3714 806 3767 83.
828 3714 984 3772 memoratur,
1006 3713 1088 3777 ignoto
1104 3712 1198 3764 Horatii
1285 3719 1303 3774 ᾗ
1385 3763 1386 3774 ,

214 3776 291 3829 amico
307 3792 331 3831 v.
348 3778 439 3831 Weicl.
455 3781 519 3844 poet.
535 3779 601 3846 reliq.
617 3795 642 3846 p.
659 3779 716 3832 213.
