2760 4588
455 1211 468 1231 ’
569 1237 828 1356 Oalel.

327 1427 364 1478 o·
379 1399 629 1494 mpmu‘qmu
644 1431 762 1496 semu·
777 1429 834 1482 mn
848 1428 869 1476 1.
885 1425 991 1494 cuspes
1006 1427 1062 1476 aas

277 1704 495 1762 mmm
517 1705 548 1762 Ι.
582 1708 722 1784 temporis
751 1707 868 1768 ondins
899 1707 988 1766 carot.
1037 1703 1097 1764 Sed
1126 1713 1192 1762 com

205 1798 342 1876 prologus
359 1796 428 1853 libri
446 1797 494 1872 sit,
513 1797 661 1870 probabile
680 1803 728 1854 est
745 1815 810 1856 eam
828 1801 958 1855 extrema
975 1799 1058 1871 parte
1077 1811 1103 1850 a.
1116 1794 1191 1869 734„

206 1907 264 1964 qua
288 1888 418 1960 syllogen
447 1889 646 1960 pervulgatam
676 1905 742 1946 esse
772 1889 915 1966 vidimus,
943 1890 1103 1944 examtam'
1118 1900 1193 1941 csse.

208 1980 263 2039 (lui
279 1978 387 2036 rationi
403 1977 446 2034 nil
463 1977 569 2035 obstat.
608 1979 687 2045 Quin
705 1997 741 2037 eo
759 1980 866 2038 certior
889 1979 961 2035 mihi
984 1977 1194 2050 videturesse,

208 2087 266 2144 quo
284 2070 388 2126 clarius
413 2072 518 2142 poetae
542 2069 694 2126 consilium
721 2087 760 2128 ex
784 2070 908 2145 epistola
931 2069 1034 2124 elucet
1071 2067 1138 2125 Non
1163 2081 1195 2122 se

209 2163 309 2234 aptum
327 2161 449 2233 amplius
467 2157 657 2234 paratumque
676 2177 740 2218 esse
765 2162 807 2218 ait
825 2160 864 2216 ad
887 2175 934 2215 res
951 2156 1078 2214 ludicras
1103 2159 1134 2211 et
1158 2154 1196 2211 ad

210 2251 338 2308 carmina
361 2250 478 2308 levioris
503 2252 664 2322 argumenti
687 2249 848 2323 pangenda.
892 2248 998 2306 'lotum
1026 2263 1058 2302 se
1084 2245 1196 2300 versari
1304 2306 1306 2316 Ι

210 2342 242 2398 in
260 2340 460 2414 philosophiae
484 2341 589 2399 studio.
632 2342 723 2414 quue
748 2356 817 2415 prae
843 2339 964 2395 caeteris
989 2337 1108 2415 dignum
1131 2349 1195 2391 essa

212 2431 290 2506 quod
308 2431 345 2488 ab
364 2431 497 2488 omnibus
517 2433 601 2488 enixe
620 2423 778 2510 tractetur,'
801 2429 938 2505 quoniam
960 2409 1046 2484 nemo
1069 2441 1130 2483 non
1153 2424 1198 2480 di·

127 2553 131 2558 ·
211 2521 385 2578 versissimis
404 2522 493 2578 animi
510 2523 618 2581 morbis
637 2523 768 2600 affectus,
786 2519 972 2596 philosophia
990 2522 1086 2576 autem
1098 2516 1199 2574 certis·

215 2613 289 2669 sima
316 2614 346 2666 et
374 2612 576 2685 probatissima
599 2613 816 2684 omnigenarum
839 2611 929 2668 animi
953 2609 1200 2683 perturbationum

218 2701 362 2758 medicina
380 2701 427 2758 sit
464 2704 581 2760 Summa
607 2704 697 2776 igitur
720 2703 861 2777 epistolae
886 2702 1030 2758 sententia
1054 2701 1086 2756 in
1109 2699 1201 2773 philo-

216 2791 336 2866 sophiae
355 2793 602 2851 commendatione
621 2794 718 2868 posita
736 2797 783 2850 est
800 2788 854 2873 (cf.
872 2785 1048 2870 v.1oosq.).
1069 2790 1127 2847 Sed
1144 2805 1201 2864 qua

217 2883 253 2940 de
272 2899 374 2940 caussa
391 2885 603 2959 philosophiam
621 2879 852 2942 commendavitl
869 2884 1027 2956 Propterea
1038 2881 1151 2958 opinor,
1169 2883 1201 2935 ut

189 3021 195 3028 .
217 2976 310 3034 totum
327 2974 471 3052 libellum,
495 2977 578 3048 eujus
596 2977 722 3033 maxima
739 2991 808 3050 pars
827 2976 940 3032 tantum
958 2990 976 3030 a
993 2972 1104 3030 lusibus
1122 2987 1201 3028 reee-
1273 3031 1278 3042 „

219 3063 272 3138 dit,
292 3068 429 3138 quantum
447 3067 479 3122 in
498 3067 656 3141 sapientiae
669 3061 830 3141 penetralia
841 3063 1005 3140 penetravit
1016 3063 1201 3139 poeta,Mae-

218 3155 314 3210 cenati
331 3172 350 3211 a
367 3157 461 3229 pretio
480 3159 692 3216 commendaret
711 3174 803 3232 eoque
828 3155 989 3228 graviorem
1008 3157 1038 3210 et
1051 3153 1216 3225 justiorem,

219 3242 288 3301 inde
307 3247 420 3316 peteret
439 3249 670 3323 excusationem,
694 3249 772 3321 quod
794 3264 855 3305 non
878 3246 1005 3304 emmim
1021 3245 1126 3320 lyrica,
1151 3241 1202 3298 sed

220 3349 268 3392 res
287 3334 378 3391 serias
398 3337 474 3394 serio
493 3355 625 3397 sermone
643 3342 776 3412 peractas
794 3337 969 3394 amicissimo
991 3335 1097 3392 fautori
1120 3333 1212 3397 offer-f

221 3403 363 3483 ree¹N0n
380 3428 494 3499 poterat
513 3430 660 3486 dexterius
679 3430 709 3484 et
727 3428 823 3500 aptius
842 3423 976 3502 praefari.

179 3550 185 3564 ι
296 3515 456 3574 Permirum
474 3519 505 3573 et
522 3520 607 3592 plana
625 3518 794 3576 incredibile
814 3522 860 3576 est
883 3518 1077 3576 commentum
1093 3514 1204 3574 Kirob·

223 3610 305 3682 neit,
335 3609 385 3681 qui
409 3607 442 3664 in
460 3612 570 3680 quaest
589 3625 617 3682 p.
636 3608 681 3664 46.
699 3609 852 3667 Horatium
877 3609 978 3666 statuit
1002 3624 1021 3663 a
1038 3608 1205 3663 Maecenate

225 3697 397 3775 excitatum,
417 3702 449 3755 ut
467 3699 556 3758 Drusi
573 3698 697 3757 Neronis
715 3699 866 3770 victoriam
890 3698 926 3755 de
950 3696 1108 3754 Vindelicis
1133 3712 1206 3753 anno

226 3783 289 3844 739.
309 3792 482 3864 reportatam
501 3789 625 3848 carmine
650 3790 826 3866 celebraret,
851 3786 1038 3847 honorificum
1055 3786 1087 3844 id
1104 3803 1206 3845 munus
