2792 4576
590 325 641 388 -.
671 290 714 355 57
752 289 824 386 -.¹..·

205 455 336 532 mutatio,
356 469 443 535 quam
461 455 525 529 ipse
543 454 685 527 significat
702 471 730 514 v.
751 455 789 531 4.,
808 454 885 512 lacta
903 453 950 512 sia
988 453 1034 512 lta
1052 453 1130 513 enim
1147 456 1192 512 in-

205 547 365 624 telligatur,
385 561 443 621 quo
460 548 592 620 tempore
610 549 728 620 poetam
745 545 902 604 verisimile
927 545 966 603 sit
989 545 1090 618 lyricis
1114 547 1193 605 vale-

204 637 324 696 dixisse.
361 638 474 696 Bonum
490 637 612 694 factum!
641 635 719 710 quod
736 653 775 694 ne
793 637 825 694 in
842 637 897 694 hac
916 635 1033 710 quidem
1050 654 1084 696 re
1103 637 1194 696 desti·

204 728 261 784 tuti
279 744 378 787 sumus
397 727 578 799 adjumentis.
595 759 637 782 .-

278 821 354 878 Tota
370 820 490 878 Horatii
511 821 611 893 poesie
629 821 727 896 lyrica
744 826 824 880 rcctc
847 821 955 892 opinor
979 824 1024 878 ct
1031 837 1073 878 ce
1095 821 1193 895 epam

203 914 353 969 ιιιιιιιιιιιι
380 913 440 970 dict
466 916 497 968 ec
520 911 626 968 Ιιιιιιι·
650 917 749 985 potest
775 914 975 970 amatoria
1013 910 1098 978 Quod
1125 927 1192 969 cum

202 1002 374 1077 pronuntio,
398 1015 458 1057 non
481 1000 598 1075 quidem
615 1016 663 1058 me
681 1003 821 1076 praeterit
838 1002 975 1059 ardorem
998 1018 1092 1076 paene
1114 1002 1193 1060 illius

203 1091 353 1148 notionem
371 1093 523 1169 constitui,
555 1108 642 1166 quam
665 1093 713 1149 cui
738 1094 840 1150 cuncta
865 1108 938 1166 quae
957 1092 1097 1150 habemus
1121 1111 1192 1168 poe·

204 1185 283 1238 mata
301 1181 434 1254 subjnngi
452 1183 573 1256 possint
610 1185 718 1242 Verum
737 1182 851 1240 etiamsi
868 1184 1011 1257 permulta
1030 1183 1098 1262 sint,
1117 1200 1192 1261 quae

203 1271 235 1328 in
253 1273 324 1329 aliis¹
338 1274 471 1333 omnibus
489 1276 641 1336 versantur.
658 1275 762 1349 rebus,
789 1276 923 1332 naturam
946 1278 1045 1334 tamen
1063 1293 1098 1334 ac
1125 1293 1192 1351 pro-

202 1362 297 1435 priam
315 1363 442 1424 indolem
461 1368 491 1422 et
508 1367 694 1440 perspexisse
712 1364 784 1422 mihi
808 1364 910 1422 videor
934 1369 965 1423 et
982 1367 1191 1441 veroinsigni·

203 1455 281 1513 risse
299 1457 425 1514 nomine.
455 1455 457 1460 ’

275 1548 352 1606 Nam
369 1547 500 1622 primum
511 1549 563 1606 vix
581 1566 655 1625 opus
674 1551 720 1606 est
743 1549 776 1606 in
793 1548 960 1624 memoriam
982 1549 1122 1606 lectorum
1146 1565 1211 1610 res

203 1654 317 1717 vocare,
335 1641 487 1698 Horatium
505 1641 543 1699 ad
556 1641 778 1699 aemulationem
795 1644 920 1699 aulicae
937 1639 1118 1715 potissimum
1129 1639 1192 1697 sive

203 1732 335 1788 aeolicae
352 1731 466 1808 poesis,
494 1733 575 1804 cujus
604 1718 735 1807 primarii
761 1735 867 1805 poetae
894 1731 1027 1791 Alcaeus
1052 1731 1134 1788 inere
1162 1734 1194 1788 et

201 1822 336 1897 suppleo,
356 1839 420 1879 sess
439 1824 616 1896 applicasse,
636 1821 781 1893 sprevisse
800 1825 897 1880 autem
914 1823 962 1880 vel
978 1823 1077 1896 potius
1100 1823 1192 1898 impa-
1224 1879 1226 1891 ,

203 1927 265 1967 rem
284 1929 316 1967 se
335 1914 498 1985 professum
517 1926 582 1966 esse
607 1909 788 1980 mvionbus
813 1915 844 1967 et
867 1912 1082 1969 sublimioribus
1101 1912 1192 1970 eitha-

202 2016 253 2056 rae
272 2000 366 2058 modis
383 2002 514 2059 Pindari
537 2002 568 2057 et
592 2002 715 2060 domae
737 2001 855 2060 omnino
880 2018 954 2077 quas
980 2001 1086 2059 dicitur
1108 1989 1191 2077 poesi

202 2090 321 2164 lyricae.

276 2183 391 2241 Deinde
414 2199 485 2241 vero
510 2185 570 2241 tam
593 2183 747 2258 perspicua
770 2183 863 2259 ipsius
887 2183 1001 2242 Horatii
1025 2185 1192 2244 testimonia

202 2274 351 2352 habemus,
370 2278 413 2352 ut,
433 2275 548 2350 qualem
565 2275 700 2332 habuerit
712 2269 929 2350 judicatumque
947 2275 1071 2334 voluerit
1088 2277 1192 2352 poesin
1270 2319 1275 2327 .

203 2381 285 2422 suam
302 2367 439 2443 lyricam,
463 2383 523 2424 non
546 2368 640 2441 possit
659 2367 775 2446 ambigi.
813 2368 1022 2428 Gravissimum
1038 2368 1128 2441 igitur
1145 2369 1192 2426 est
1229 2361 1234 2373 ’

202 2456 280 2527 quod
298 2457 415 2530 scripsit
432 2456 480 2516 od.
499 2459 527 2526 3,
545 2458 592 2538 26.
607 2458 628 2514 -l
649 2473 709 2530 sq.:

350 2545 418 2602 Vixi
436 2546 541 2618 puellis
559 2561 653 2619 nuper
670 2546 792 2603 idoneus
805 2544 861 2627 ¹⁴),
926 2549 928 2562 '

350 2635 390 2692 Et
407 2634 529 2691 militavi
547 2650 607 2692 non
626 2635 688 2692 sine
708 2636 814 2707 gloria:
852 2651 854 2660 ’

399 2724 485 2784 Nunc
503 2739 583 2782 arma
602 2724 824 2801 defunctumque
843 2727 919 2788 bello

437 2815 578 2874 Barbiton
595 2816 643 2875 hic
660 2819 757 2892 paries
776 2818 902 2877 habebit.

202 2907 254 2964 ubi
272 2906 366 2965 Schol.
390 2905 496 2965 Acron
518 2907 591 2964 scite
619 2909 784 2968 annotavit:
822 2913 906 2988 „Hac
932 2910 988 2969 ode
1003 2909 1106 2992 ¹rideri
1129 2913 1191 2970 uult

199 2997 261 3068 jam
279 2992 463 3057 recondere
480 3001 666 3058 contemtus
684 3008 715 3060 et
730 3004 831 3076 lyram
849 3017 1028 3060 corwecrcrc
1045 3009 1075 3060 cc
1085 2999 1192 3061 amere

203 3087 369 3148 decineffl
394 3084 456 3169 (lta
474 3089 563 3147 etiam
580 3090 684 3164 Porph.
711 3094 742 3150 et
760 3092 853 3149 schol
880 3089 992 3172 Gruq.).
1030 3093 1105 3151 Nam
1123 3109 1190 3151 eon·

204 3184 288 3239 sueta
306 3180 444 3252 allegoria
461 3178 500 3237 ad
518 3183 610 3237 totam
627 3181 732 3256 poesin
758 3181 892 3258 lyricam,
921 3200 939 3240 a
963 3197 1021 3257 qua
1044 3183 1195 3242 abstinere
1267 3177 1269 3181 ’

204 3289 236 3330 se
255 3271 329 3329 velle
349 3271 429 3348 dicit,
448 3270 520 3329 haec
538 3272 690 3330 reserenda
708 3287 774 3329 csse
793 3271 908 3332 abunde
925 3277 1008 3347 patet
1016 3291 1054 3334 ex
1064 3275 1190 3335 carmine

203 3447 401 3460 ——--

269 3543 316 3610 14)
331 3544 426 3596 Vereor
440 3559 586 3609 magnopere
601 3561 633 3596 ue
648 3547 773 3612 scripserit
787 3554 874 3618 poetar.

351 3611 408 3661 Vixi
425 3612 518 3662 duella
533 3613 735 3676 supermensus,

351 3677 386 3727 Et
400 3679 501 3728 militavi
517 3691 565 3726 non
581 3679 634 3727 sine
650 3679 734 3741 gloria.
1206 3689 1208 3694 '
1327 3733 1330 3744 ,

204 3743 243 3791 Ιιι
258 3743 330 3792 multo
340 3745 485 3860 ὁιοιιιίιιιιίοι
500 3745 577 3794 oritur
592 3747 721 3829 sententia,
738 3760 814 3810 eaque
830 3745 947 3844 simillima
963 3745 1001 3795 ud.
1019 3743 1043 3804 4,
1060 3705 1189 3797 1.1utcr·

203 3809 325 3859 nisra-
357 3811 409 3863 clla
639 3844 645 3854 ι
703 3851 709 3862 r
