2792 4576
632 293 838 360 ...ffl-

248 477 281 534 ps
302 459 357 520 313
382 474 424 536 sq.
450 457 559 535 optime
583 427 718 531 probavit
740 457 892 518 Kirehner.
914 457 946 516 in
970 413 1081 535 quaest
1106 474 1135 534 p.
1155 405 1232 538 8.‘§.

249 552 284 610 11
296 550 391 608 --·23.ι
408 552 438 606 et
455 565 485 623 p.
503 549 549 606 30.
568 543 597 625 g.
617 549 654 605 56
664 549 759 624 -7-59.
796 549 872 630 Mihi
889 565 948 606 uon
961 548 1083 607 dubium
1098 553 1144 608 est
1161 549 1232 624 quin

119 671 126 687 ·
248 641 306 698 tria
322 641 372 698 illa
389 639 535 712 volumina
551 654 609 697 uno
634 642 666 697 et
689 639 791 698 eodem
814 643 943 712 tempore
962 642 1135 716 conjunctim
1154 640 1232 698 edita
1316 705 1322 716 ,

189 749 191 754 ·
247 732 307 808 sint
330 748 356 788 a
382 729 446 787 130.
471 729 518 786 vel
542 729 623 805 131,
647 745 713 787 eum
735 744 795 786 non
818 731 912 788 solum
934 732 1028 806 primo
1053 735 1084 791 et
1105 729 1232 788 seeundo
1293 769 1301 784 .

164 831 166 834 ·
247 821 357 878 inserta
381 820 439 877 rint
463 819 605 896 earmina,
630 835 703 893 quae
728 835 747 878 a
770 820 834 877 130.
854 824 933 878 oerto
951 826 1015 880 orta
1033 825 1100 880 sunt
1118 815 1182 902 (od.
1203 821 1231 896 1,

246 911 298 989 24,
318 912 353 987 2,
373 907 437 990 4.),
463 909 516 968 sed
539 910 572 968 in
594 911 680 967 tertio
705 909 794 967 etiam
817 910 1017 989 inveniantur,
1035 928 1116 986 ⁴quae
1140 911 1231 968 multo

247 1004 314 1058 ante
342 1002 423 1058 illum
449 1016 556 1057 aunum
583 995 645 1076 (od
665 1001 699 1077 3,
713 998 771 1079 b).
814 1001 937 1063 Etiamsi
950 993 1030 1060 *vero
1058 1001 1123 1076 quis
1149 1001 1231 1058 litem

247 1095 379 1170 moveat,
403 1089 481 1165 quod
504 1091 580 1148 liber
603 1089 745 1148 secundus
776 1092 920 1165 epilogum
942 1093 1050 1152 habeat
1074 1096 1105 1151 et
1127 1091 1230 1148 tertius

246 1181 358 1257 prologi
376 1183 520 1258 speeiem,
544 1181 587 1237 ita
604 1183 637 1236 nt
654 1180 702 1238 hie
726 1183 884 1256 separatim
905 1183 1029 1241 emissus
1053 1199 1119 1242 esse
1144 1183 1231 1256 queat

246 1273 358 1333 videri:
377 1273 479 1330 neseio.
501 1273 599 1327 tamen
623 1285 661 1326 an
685 1271 733 1328 vel
757 1288 795 1328 ex
813 1289 864 1349 eo,
889 1273 967 1346 qnod
985 1273 1065 1330 tertii
1082 1272 1150 1330 libri
1169 1271 1230 1345 epi·

245 1349 332 1436 logus·
347 1361 462 1421 sublimi
481 1378 536 1420 sua
550 1365 654 1419 natura
670 1361 726 1418 toti
738 1362 829 1433 magis
842 1363 955 1437 corpori
966 1379 1052 1437 quam
1063 1362 1115 1418 uni
1131 1359 1230 1417 libello

245 1454 381 1512 eonveuit
398 1455 428 1511 et
445 1455 529 1528 quod
544 1456 648 1512 eedem
666 1458 761 1511 metro
779 1459 958 1527 compositor
982 1460 1027 1512 est
1047 1467 1108 1527 pao
1123 1451 1229 1524 prolo-

243 1562 302 1621 que
317 1547 423 1622 mnu,
442 1542 599 1600 eommunis
618 1540 742 1599 liborum
754 1542 843 1600 editio
857 1543 1019 1602 verisimilis
1029 1544 1087 1600 'liet
1105 1545 1135 1598 et
1153 1557 1229 1598 eom-

244 1635 390 1714 probetur.
429 1632 610 1704 Quamquam
627 1632 689 1689 lieri
706 1633 816 1708 potuit,
835 1635 868 1689 ut
885 1649 944 1691 uno
962 1634 1009 1692 vel
1027 1633 1138 1691 duobus
1149 1647 1229 1689 meu-

147 1795 150 1802 ,
244 1724 325 1783 sibus
343 1724 418 1827 post·
429 1721 522 1778 editos
540 1721 652 1795 priores
670 1723 759 1780 libror
772 1725 849 1780 lora's
868 1723 984 1781 daretur
996 1724 1108 1787 tertius.
1145 1722 1229 1780 Unde

200 1803 204 1814 ’
245 1813 352 1872 dixerit
371 1812 514 1887 quispiam
532 1812 683 1869 Horatium
696 1813 733 1871 ad
745 1814 903 1888 permirum
914 1828 1029 1871 carmen
1046 1813 1113 1871 libri
1131 1813 1167 1870 11.
1181 1811 1227 1868 20.

85 1911 87 1918 ’
117 1903 119 1924 '
240 1903 337 1982 „Nom
351 1906 484 1964 adtamv
497 1903 680 1962 scribendum
692 1905 847 1980 impulsum
859 1922 937 1966 esse
968 1905 1122 1994 Nequeunt
1133 1907 1230 1960 tamen

242 1996 315 2054 liaeo
333 1995 437 2055 omnia
447 1994 596 2051 evidenter
614 1993 812 2054 demonstrari

317 2086 427 2146 suffieit
456 2086 600 2162 tenuisse,
629 2087 689 2144 tres
717 2085 875 2145 carminum
902 2089 991 2146 libros
1017 2089 1056 2146 ad
1083 2104 1109 2145 a.
1138 2101 1229 2161 usque
1279 2105 1283 2116 ·

243 2193 276 2234 1..
292 2175 492 2236 11311111
511 2173 659 2248 confectos
673 2172 787 2248 fuiss&
805 2172 977 2252 eosdemque
995 2179 1154 2235 1111111111
1165 2192 1230 2234 esee

245 2265 301 2324 sab
326 2265 405 2324 idem
428 2269 545 2342 tempus·
568 2281 627 2322 uno
654 2264 798 2322 volumine
823 2267 938 2324 intres
962 2270 1060 2342 partes
1085 2266 1179 2323 diviso
1196 2265 1229 2321 in

163 2389 165 2396 ·
205 2343 207 2351 X
243 2358 336 2417 lucem
360 2356 511 2431 prodiisse.
554 2357 706 2429 Utcunque
730 2358 828 2412 tanen
851 2343 958 2414 'edendi
980 2357 1143 2433 redoluit,
1169 2369 1229 2415 non
1302 2406 1303 2419 ,

242 2449 285 2506 ita
308 2448 397 2505 multo
422 2450 489 2521 post
507 2447 715 2505 oonleetionem
733 2447 871 2503 Horatius
891 2448 1009 2505 caesari
1027 2449 1158 2518 Augusto
1175 2463 1227 2504 no·

242 2555 309 2597 uam
327 2540 464 2618 syllogen
486 2539 600 2595 misisse
626 2536 755 2614 ridetur,
780 2541 818 2594 11
831 2539 914 2612 patet
931 2557 969 2596 ex
986 2539 1161 2617 epistolal,
1182 2539 1227 2597 13.

237 2629 338 2699 iocose
373 2629 412 2685 ad
438 2629 555 2688 Vinium
587 2628 717 2686 Asellam
742 2630 877 2688 nuntium
906 2630 1023 2704 scripta
1072 2629 1133 2696 Qui
1162 2645 1226 2686 eum

240 2722 363 2792 apuam
379 2721 557 2777 volumno*
565 2712 597 2798 ¹)
612 2735 665 2792 per
689 2718 777 2775 clivos
785 2695 953 2796 ,flumina,
978 2721 1059 2775 lanas
1080 2718 1144 2774 ad'
1136 2734 1226 2791 rmpe·

241 2811 368 2870 retorem
385 2808 537 2884 perferre·
524 2824 623 2878 Jussus
636 2809 690 2884 sit,
709 2800 751 2865 ex
764 2811 833 2867 villa
850 2811 953 2885 opinor
970 2809 1076 2865 Sabina
1093 2808 1226 2892 migravit

241 2900 377 2977 11011111,
395 2898 446 2956 abi
465 2900 526 2954 tum
542 2898 696 2968 Augustus·
715 2915 752 2956 ex
769 2901 910 2975 Hispania
932 2900 1024 2954 redux
1047 2885 1224 2957 versabatur.
1336 2907 1339 2922 '

240 2991 289 3048 Ea·
303 2993 406 3049 autem
424 2991 524 3047 aetate
543 2987 680 3073 quoniam
698 3005 785 3063 saepe
804 2989 986 3065 aegrotabat,
1005 3003 1065 3045 non
1084 2987 1176 3046 solum
1193 2990 1225 3046 in

241 3079 381 3154 Hispania
409 3081 461 3138 sed
489 3080 578 3152 etiam
605 3079 715 3137 Romae
732 3081 911 3152 'gravissimo
945 3079 1045 3137 morbo
1076 3082 1224 3154 correptus

242 3169 334 3242 paulo
352 3175 433 3248 post,
458 3171 639 3244 aptissimum
663 3173 726 3227 erat
750 3171 827 3245 quod
845 3170 982 3230 Horatius
1002 3171 1165 3236 tabellario
1171 3185 1223 3228 suo

242 3257 397 3320 inculcarit
413 3261 554 3319 monitum
572 3261 667 3329 11311

379 3349 543 3425 .‚,Augusto
557 3350 662 3410 reddes
680 3353 793 3424 signata
810 3354 970 3431 volumina,
991 3352 1074 3427 Vini,

261 3433 267 3446 ⁸
387 3438 418 3494 Si
436 3441 614 3518 1111111μί
631 3443 729 3499 111111
746 3443 817 3520 erit,
836 3433 861 3502 si
881 3446 1003 3519 deniqne
1021 3439 1152 3514 possem

241 3531 326 3590 Anno
344 3527 407 3634 132.
432 3527 533 3590 medio
530 3531 698 3602 Augustus
721 3546 820 3590 rursus
845 3535 961 3612 reliquit
983 3533 1112 3590 Romam.
1156 3529 1221 3598 Qua

294 3759 352 3826 st)
368 3760 473 3812 Libellos
489 3760 526 3823 (v.
537 3761 588 3828 1.),
604 3762 716 3816 librorum
726 3763 912 3824 rueteuuao.
925 3761 991 3826 lap
1007 3763 1140 3826 camina,
1156 3777 1223 3830 quae

241 3827 333 3890 perstat
348 3818 428 3880 oeulos
443 3843 561 3896 aureque
577 3831 663 3880 notari
680 3829 792 3880 Caesaris
809 3829 974 3895 (ι.17..-)

1379 2247 1382 2338 1
