2776 4582
627 266 835 340 -110'-

384 433 481 495 Verba
497 450 551 509 per
568 437 708 496 attentam
725 453 785 496 non
801 438 885 496 ibunt
904 440 1034 498 meraris
1053 457 1169 521 anrem3

385 527 440 584 Cui
457 526 531 582 male
550 526 576 582 si
594 529 727 606 palpere,
745 530 907 587 recalcitrat
926 530 1051 604 undique
1070 535 1159 592 tutus.

238 619 319 686 Quae
339 620 595 675 commemorantur
614 623 766 695 „aalma
783 621 888 681 Parthi
906 623 1034 682 latebris
1051 626 1162 701 equo,”
1180 641 1216 683 ea

237 710 289 768 vix
307 709 432 767 dubitari
451 708 559 782 poterit
577 709 647 781 quin
664 710 702 767 ad
714 727 739 768 a.
752 711 815 768 724.
835 713 1013 791 pertineant,
1034 716 1140 790 qnippe
1159 731 1216 790 quo

237 801 411 859 Octavianus
430 799 466 857 ab
485 800 621 874 Aegypto
638 815 692 874 per
704 802 815 872 Syriam
833 807 863 860 et
875 805 975 861 Asiam
992 805 1132 863 minorem
1149 823 1216 880 pro·

236 895 328 950 fectus
353 894 384 947 et
408 890 588 948 subditorum
612 891 709 972 omnia
731 893 847 964 negotia
871 897 901 950 et
925 895 1048 969 primum
1070 897 1217 956 Parthica

185 1006 189 1013 ·
236 982 397 1058 composuit
414 976 494 1061 (Dio
514 983 593 1039 Cass.
613 981 665 1057 51,
692 983 736 1039 18.
762 981 791 1054 ἔς
815 1003 847 1042 τε
870 979 921 1057 τὴν
940 984 1046 1044 Ἀσίαν
1069 983 1103 1046 τὸ
1128 984 1217 1062 ἔθνος

235 1069 287 1134 διὰ
309 1074 361 1146 τῆς
383 1070 494 1150 Συρίας
516 1064 607 1144 ἦλθε,
631 1071 788 1156 κᾴνταῦθα
811 1079 1025 1154 παρεχείμασε,
1048 1079 1087 1136 τά
1109 1076 1217 1136 τετῶν

235 1165 373 1239 ὑπηκόων
391 1161 433 1233 ὠς
457 1162 565 1221 ἕκαστα
583 1163 633 1220 aar
656 1159 693 1221 τὰ
713 1164 772 1222 τῶν
789 1164 931 1246 Πάρθων
949 1164 1014 1244 ἅμα
1031 1168 1217 1245 καθιστάμε-

235 1277 294 1328 νος.
332 1257 415 1314 Oros.
434 1253 469 1330 6,
490 1254 534 1309 19.
554 1253 668 1311 Dehine
687 1255 795 1312 Caesar
812 1257 994 1331 pedestribus
1013 1251 1104 1332 copiis
1122 1260 1217 1330 inSy·

154 1355 156 1366 ’
235 1349 309 1406 riam
319 1346 410 1421 venit,
431 1343 535 1400 deinde
554 1343 698 1404 inAsiam
709 1347 747 1403 ad
759 1347 880 1406 hiberna
894 1342 1070 1430 concessit).
1110 1349 1216 1406 Contra

234 1431 387 1497 Phraatem
410 1435 561 1494 Teridates
586 1435 703 1508 quidam
728 1437 898 1494 seditionem
921 1441 1058 1496 moverat.
1094 1438 1215 1513 Utrique

234 1531 343 1589 auxilia
361 1526 487 1602 petenti,
507 1525 644 1595 quamdiu
668 1525 811 1582 Antonium
836 1531 903 1601 post
925 1545 1051 1603 pugnam
1068 1529 1216 1590 Actiacam

233 1621 357 1693 restitit,
383 1614 535 1684 denegavit
560 1614 743 1671 Octavianus.
781 1617 838 1672 Sed
862 1622 975 1675 mortuo
999 1619 1126 1676 Antonio
1150 1637 1216 1680 cnm

233 1709 385 1768 'l'eridates
410 1705 563 1778 superatur
585 1704 617 1760 in
635 1704 750 1776 Syriam
773 1707 894 1778 fugisset
919 1711 948 1766 et
965 1709 1104 1776 Phraates
1122 1712 1217 1769 vietor

232 1801 344 1872 legatos
363 1796 408 1867 ad,
421 1798 574 1862 Gaesarem
585 1795 734 1872 misisset,
755 1793 861 1856 Caesar
878 1799 971 1858 amioe
988 1800 1035 1857 his
1054 1801 1217 1880 respondit,

234 1895 266 1950 et
283 1889 429 1966 Teridati,
453 1889 488 1944 nt
510 1887 544 1943 in
567 1887 650 1958 Syria
672 1891 853 1966 armaretur,
884 1891 1043 1968 concessit,
1070 1893 1217 1968 liliumque

234 1981 427 2043 emmeram
442 1996 461 2035 a
474 1978 609 2036 'l'eridate
620 1972 669 2059 (nt
676 1980 734 2036 Dio
749 1981 839 2041 tradit
850 1981 901 2039 lib.
914 1983 961 2058 tl,
975 1983 1019 2040 la
1030 1978 1105 2062 lin),
1118 1987 1169 2045 aut
1178 1983 1217 2045 ab

232 2066 574 2150 ipsoPhraate(testante
584 2069 725 2126 Strabone
732 2071 782 2129 v1.
790 2073 838 2130 lin.
850 2075 885 2128 ci
896 2073 1058 2147 interpreti.
1067 2076 1154 2146 Diem
1165 2075 1215 2132 ll.

234 2161 381 2221 seru-voi
400 2160 448 2227 VL
468 2177 497 2232 p.
517 2160 562 2216 2⁰.
580 2163 642 2216 not.
663 2155 745 2238 125.)
768 2161 878 2218 obsidis
901 2163 968 2230 loco
990 2165 1140 2236 acceptam
1157 2165 1216 2222 Ro·

234 2269 314 2312 mam
329 2249 450 2332 dednrrit
468 2243 600 2328 (Sueten.
622 2250 721 2307 Oeten.
742 2250 787 2306 13.
809 2250 915 2308 lustin.
935 2250 982 2328 42,
1001 2247 1055 2332 5.)
1073 2283 1112 2302 ·-
1147 2255 1215 2312 Noli

234 2347 332 2403 satem
349 2341 483 2418 unhrera,
509 2355 583 2415 quae
607 2340 723 2398 Parthis
744 2341 782 2398 ab
808 2341 968 2400 Octaviano
986 2344 1097 2402 inflicta
1115 2345 1215 2402 dicun·

234 2441 297 2512 tur,
314 2435 357 2492 ita
374 2447 520 2508 premere,
539 2434 573 2488 ut
591 2431 728 2488 eximium
745 2431 862 2506 aliquod
878 2435 985 2500 tactum
996 2436 1102 2512 respici
1119 2439 1213 2511 putee.

140 2519 142 2526 ⁴
232 2529 308 2587 Nam
326 2540 504 2584 communem
515 2525 666 2598 poetarum
682 2521 760 2580 illius
778 2523 884 2581 aetatis
901 2529 1081 2604 moremati,
1100 2527 1215 2586 etiamsi

234 2615 410 2681 chrianns
432 2615 505 2672 nihil
529 2614 609 2689 quod
630 2611 784 2675 admodum
805 2616 994 2674 memorabile
1017 2620 1096 2675 essct
1112 2619 1213 2675 adver·

234 2723 283 2766 sna
300 2705 423 2764 Partboe
446 2705 584 2782 gessem,
607 2705 757 2776 magrrifiee
780 2708 878 2764 tamen
903 2707 941 2766 de
962 2708 1049 2766 rebus
1071 2708 1213 2766 Parthicis

232 2799 403 2874 loquentur,
421 2795 497 2854 hane
513 2795 631 2870 inquam
647 2796 779 2854 ueritatis
797 2798 1019 2872 superlationem
1037 2797 1085 2854 hic
1097 2813 1212 2874 quoqne

234 2888 453 2950 animadvertes.
491 2887 644 2944 Horatium
661 2887 749 2958 igitur
767 2889 871 2963 cogita,
891 2902 964 2958 qnae
978 2888 1015 2944 de
1027 2890 1212 2962 expeditione

135 3045 136 3054 χ
231 2981 311 3040 haud
334 2977 443 3037 intehci
467 2991 603 3036 successu
629 2979 794 3053 suscepta
785 2978 843 3054 ipsi
865 2991 979 3035 rumore
1007 2979 1210 3059 innotuissent,

232 3088 270 3129 ea
286 3073 324 3132 ad
341 3070 492 3130 libidinem
509 3069 635 3137 auxisse
1304 3121 1316 3141 ,

232 3197 234 3202 -
306 3159 388 3222 Idem
405 3165 467 3230 iero
477 3161 774 3230 cadithriliarurlrar
787 3157 1082 3239 „impetratrici
1089 3167 1211 3238 cuspide

234 3253 359 3323 (tow
382 3269 473 3332 qnae,
497 3253 632 3328 quoniam
655 3253 764 3310 nulmnr
793 3267 889 3311 rernm
918 3255 1062 3324 metam
1090 3255 1229 3311 tundam‘

234 3343 391 3421 haberant,
409 3345 510 3411 neseio
527 3343 658 3420 adquae
667 3343 827 3401 retulerunt
837 3341 968 3417 tempora
979 3345 1103 3404 inaniter
1119 3345 1209 3402 inter-

234 3437 340 3511 pretes.
377 3435 418 3492 At
441 3451 593 3511 perperam
616 3436 671 3492 hoc
697 3433 854 3512 affirmant3
886 3435 1028 3511 siquidem
1057 3436 1133 3493 inter
1162 3452 1208 3512 ea,

234 3543 309 3602 qnae
337 3526 445 3585 caeam
470 3530 539 3584 ante
561 3540 686 3600 pugnam
712 3523 862 3590 Actiacam
877 3528 950 3604 egit,
976 3541 1036 3584 non
1061 3526 1208 3585 minimam

233 3615 293 3692 ipsi
323 3621 497 3693 pepererim
521 3617 640 3690 modam
668 3610 791 3683 iteratae
814 3627 884 3693 qnae
904 3618 937 3675 in
960 3617 1081 3680 Galliam
1111 3635 1208 3676 susce·

235 3707 280 3781 pit
304 3707 511 3783 expeditiones.
558 3709 633 3767 Nam
655 3724 720 3767 nou¹
737 3709 829 3768 solum
853 3711 917 3782 ipse
939 3708 1024 3766 initio
1047 3725 1073 3767 a.
1093 3709 1156 3767 715.
1175 3695 1213 3766 in'

236 3799 343 3860 Galliae
361 3803 506 3878 prefectus
524 3801 600 3879 erat,
618 3803 652 3888 pt
670 3801 811 3860 excitatos
828 3802 923 3864 motus
940 3799 1056 3860 sedaret
1073 3794 1146 3881 (Dio
1159 3799 1205 3876 48,
