2776 4582
539 276 781 398 ¹-lso-

179 487 323 572 (llasson.
341 493 392 553 vit
410 493 480 552 lior.
499 507 528 568 p.
548 493 611 554 139.
636 495 758 574 Sauud,
783 495 944 574 vanderb„
968 495 1086 560 Pastor.
1109 505 1169 560 not

179 585 377 645 1131113366
397 583 456 642 tab.
474 579 552 664 chr.)
569 585 731 645 Provocaut
749 587 787 645 ad
804 605 848 646 rs.
869 587 905 645 15
924 603 995 662 sq.:·
1020 575 1032 616 Τ
1056 583 1063 602 ’

238 667 242 676 “
325 676 417 736 Albus
436 677 470 732 ut
487 675 610 735 obscuro
630 677 763 748 deterget
780 677 884 735 nubila
901 679 983 737 coelo
1039 672 1044 684 “

374 766 467 840 Saepe
484 765 596 842 Notus,
615 782 713 851 neque
730 769 856 842 parturit
873 767 981 826 imbres

323 855 497 932 Perpetuos:
517 857 560 914 sic
578 859 611 914 tu
629 859 753 931 3391333
767 854 861 930 lirare
877 869 1024 922 33363613

373 949 537 1006 menam
553 950 693 1022 31363963
711 949 831 1007 latores
879 967 883 978 ·

288 1083 291 1102 ,
325 1035 416 1114 Molli,
435 1039 550 1113 Plance,
569 1053 665 1097 meroz
688 1055 744 1098 336
761 1036 957 1114 tefidpentia
973 1041 1068 1116 3193313

322 1141 327 1150 “
376 1129 617 1205 6636313366,
636 1145 689 1188 seu
708 1130 800 1190 densa
818 1131 931 1197 tenebit

323 1218 440 1277 Tiburis
458 1219 561 1278 umbra
579 1220 648 1297 161,

174 1325 247 1384 quos
265 1309 308 1366 illi
326 1311 439 1368 tautum
456 1310 582 1386 tempori
601 1312 803 1370 accomodetos
823 1329 888 1371 esse
900 1315 1088 1392 contendunt,
1108 1331 1165 1390 quo

173 1401 559 1479 13.166661163Ρ133363,
587 1401 625 1459 ad
654 1418 740 1476 quem
771 1402 870 1459 datum
895 1407 943 1460 est
965 1422 1098 1482 carmen,
1127 1407 1164 1464 ab

173 1491 301 1548 Antonio
320 1492 358 1549 ad
377 1493 567 1550 Octavianum
592 1492 765 1569 desciverit,
791 1493 843 1550 sed
860 1493 899 1551 ob
919 1494 1026 1552 dubiae
1048 1497 1166 1554 663131

172 1581 384 1642 inconstantiae
403 1583 597 1658 suspicionem
615 1598 676 1640 nou
694 1599 761 1639 eum
785 1583 931 1641 invenerit
950 1585 1104 1644 Octaviani
1122 1587 1165 1643 ia·

172 1688 289 1753 vorem,
312 1677 345 1731 ut
363 1689 422 1732 una
440 1675 478 1733 ad
496 1675 603 1732 bellum
615 1671 775 1731 Actiacum
793 1677 940 1749 proiectus
960 1676 1008 1733 sit.
1046 1675 1164 1734 Scilicet

169 1760 320 1838 muana
337 1766 622 1840 1113319313333136
639 1764 682 1820 nil
699 1765 759 1820 uisi
777 1763 884 1821 bellum
902 1766 1054 1825 Actiacum
1073 1767 1164 1840 signi·-

170 1855 270 1910 ticaut!
307 1851 446 1931 6161161
484 1852 665 1912 Crediderim
683 1850 818 1926 equidem
836 1871 874 1910 ex
892 1858 1020 1924 generali
1032 1857 1164 1916 163336-

170 1943 279 2002 tentia:
289 1943 408 2020 „Domi
424 1943 562 2020 bellique,
580 1941 702 2018 Plance,
720 1942 803 2020 mitte
816 1943 1047 2003 *sollicitudinem
1065 1948 1096 2003 et
1114 1962 1164 2003 cu-

170 2034 253 2092 rasl'
270 2033 344 2090 nihil
362 2033 445 2091 lucile
465 2033 586 2096 extundi
604 2049 701 2108 posse.
720 2055 723 2062 ¹
739 2034 815 2092 Saue
835 2035 974 2109 scriptam
992 2051 1057 2093 esse
1077 2035 1164 2094 odam

170 2127 300 2202 oportet,
329 2141 395 2183 cum
419 2125 541 2182 Plancus
566 2125 726 2184 Antonium
748 2123 811 2196 jam
839 2125 1049 2208 dereliquisset.
1085 2127 1164 2186 Naur
1207 2190 1210 2198 ¹

168 2232 228 2273 nou
246 2216 304 2274 alia
321 2216 405 2274 facile
422 2233 471 2274 res
490 2232 557 2274 eum
575 2232 746 2292 permovere
764 2218 895 2292 poterat,
921 2220 955 2273 ut
973 2218 1010 2275 de
1028 2218 1162 2275 voluuta-

168 2307 213 2365 rio
232 2305 337 2365 exsilio
355 2306 561 2386 meditaretur,
581 2324 668 2383 quam
687 2307 765 2382 quod
786 2323 818 2364 se
836 2306 969 2378 Angusto
996 2312 1163 2383 suspectum

168 2415 233 2455 esse
264 2397 379 2456 videret
408 2401 439 2454 ct
469 2399 579 2468 gratiae
623 2399 686 2470 ejus
718 2397 863 2469 J'aoturam
899 2401 1051 2456 metueret
1078 2399 1161 2459 -Fuit
1203 2419 1205 2424 ’

116 2511 118 2518 a
167 2489 255 2546 homo
273 2477 383 2544 'rarius
408 2491 439 2543 et
461 2488 595 2563 mobilis,
627 2488 681 2544 sed
710 2487 833 2556 insignis
865 2490 964 2544 336133
987 2482 1159 2562 (Ruhnken.

167 2577 206 2636 ad
223 2577 296 2636 Vell.
315 2576 378 2634 Pet.
397 2577 416 2632 2
417 2575 509 2656 ,.63)
539 2580 570 2633 et
589 2576 723 2634 ciceroni
738 2572 1102 2658 familiarissimus-(epist
1123 2580 1162 2637 ad

166 2671 234 2727 iam
253 2667 304 2724 lib.
323 2662 391 2747 X.,)
411 2667 512 2724 consul
530 2683 596 2724 aun.
617 2667 699 2745 712.,
718 2668 780 2725 166
798 2667 919 2725 Antonii
930 2669 1063 2742 partibus
1075 2669 1159 2728 lidus.

166 2760 214 2818 Ad
233 2757 425 2817 Octavianum
444 2757 561 2840 transiit
579 2775 605 2814 a.
626 2758 690 2815 722.
717 2753 791 2840 (Dio
809 2759 862 2836 56,
882 2759 909 2817 3.
928 2760 1002 2818 Plut
1023 2761 1092 2819 Aut.
1112 2761 1159 2818 58.

166 2851 240 2909 Vell.
259 2850 286 2906 2
280 2844 398 2932 ,,83.).
424 2849 482 2906 Sed
499 2848 606 2906 mansit
624 2849 772 2909 vacillans.
799 2850 886 2910 Auno
904 2851 969 2907 727.
989 2850 1052 2922 ejus
1071 2867 1161 2908 suasu

167 2941 476 3016 6313313633169636
494 2955 653 3012 cognomen
681 2940 819 3004 1661166
831 2944 877 2998 331
907 2936 949 3019 (3.
973 2957 1040 3014 pag.
1064 2937 1158 3021 146..)
1219 2925 1222 2940 ⁴
1314 2924 1320 2936 ⁸

165 3032 348 3117 3111613393.
381 3029 490 3089 Dion.¹
500 3032 555 3107 56,
583 3031 611 3088 3.
643 3025 707 3112 (36.
748 3031 840 3089 Stura.
873 3033 930 3090 vol.
961 3032 996 3088 V.
1029 3045 1058 3106 p.
1089 3031 1156 3088 617.
1219 3057 1221 3066 ⁴

165 3120 311 3204 not.·11.)
330 3123 361 3178 et
378 3121 495 3180 Passer.
515 3123 566 3179 vit
586 3125 647 3178 631.
671 3120 990 3180 1113.,·-ω1113363336
1011 3121 1045 3178 in
1068 3122 1157 3199 3136,

164 3211 356 3288 improbabile
390 3211 462 3270 mihi
494 3212 611 3272 ridetur
640 3217 705 3268 esse
739 3210 795 3269 hoc
826 3227 959 3289 camren,
996 3211 1083 3286 quod
1106 3229 1158 3270 eo·

165 3305 233 3362 dem
250 3305 344 3360 metro
362 3304 552 3377 compositum
570 3305 630 3380 est,
650 3317 708 3376 quo
725 3301 810 3375 epode
832 3301 890 3379 12,
910 3301 991 3376 prius
1016 3303 1157 3378 scriptum

164 3412 230 3452 esse
255 3409 343 3468 quam
370 3394 486 3468 epodon
511 3394 587 3452 liber
615 3394 766 3465 evulgatus
794 3395 880 3449 esset.
917 3393 1048 3451 Pertinet
1078 3391 1157 3452 haud

74 3471 79 3481 ⁴
165 3485 254 3543 dubie
273 3485 312 3543 ad
336 3484 415 3542 idem
438 3488 568 3560 tempus,
598 3500 656 3559 quo
676 3482 823 3542 Horatius
850 3483 953 3541 melica
983 3482 1167 3558 composuit*

50 3570 55 3582 “
163 3576 276 3634 Nitseh.
296 3575 328 3633 id
346 3592 423 3635 anno
446 3575 472 3632 si
495 3575 550 3632 Dis
573 3575 668 3648 placet
686 3574 751 3632 713.
772 3573 934 3650 adscripsit
954 3575 989 3632 ct
1008 3571 1153 3632 Vauderb.

117 3688 138 3696 ·=
164 3665 310 3724 additions
335 3669 366 3724 et
390 3668 509 3728 correct.
529 3665 586 3723 vol.
605 3665 642 3724 11.
658 3681 688 3739 p.
705 3666 771 3724 620·
790 3696 829 3711 -
847 3665 1007 3792 Verborum
1024 3661 1154 3810 poenitet

164 3754 196 3815 in
213 3771 246 3812 re
262 3755 423 3817 incerta
575 3781 580 3790 ·
