2760 4588
567 293 701 360 „201
734 328 780 346 ...

182 465 296 537 tempus
314 474 381 518 eum
404 459 526 516 cumret.
545 459 581 515 cl.
600 458 659 516 Dio
678 459 758 516 cass.
777 459 829 536 53,
853 458 899 516 3⁰.
924 451 970 518 31'.
996 462 1027 518 et
1047 459 1164 518 Sueten.
1258 517 1261 524 ,

181 554 256 624 Aug.
276 553 321 609 59.
333 549 455 606 -Plin
475 547 504 604 lu
516 563 545 604 n.
565 549 659 626 25,7.
678 543 773 628 (38.)ι
793 550 962 627 ,‚Frateris
980 550 1164 626 mitilineus,

182 661 202 700 a
220 659 276 717 quo
294 642 403 700 Divum
425 642 589 714 Augustum
612 643 814 698 conservatum
837 641 1038 700 indicavimus.
1064 641 1168 704 ,iidem

182 736 287 791 batres
304 733 456 790 instituere
475 746 494 786 a
511 730 633 788 balineis
655 728 771 806 fiiptdu
789 733 879 790 multa
903 749 1025 810 corpora
1042 732 1167 789 adobin·

184 840 261 894 gere.
297 824 393 884 Antea
410 836 470 879 nou
482 825 545 880 erat
555 838 634 899 mos,
652 823 832 881 nisiaaltdu
842 826 955 882 tantum
972 825 1074 900 lavari,
1093 823 1169 880 sicut
1227 884 1230 892 ,

130 921 134 926 “
184 913 263 989 apud
285 915 442 972 Homerum
466 913 554 970 etiam
577 914 769 972 invenimus.'⁷
804 915 848 972 ld.
867 915 932 973 libr.
958 916 1012 992 29,
1038 915 1064 972 l.
1090 907 1169 993 (5.):

185 1003 263 1081 „Sed
281 1007 312 1061 et
329 1005 378 1061 illa
395 1004 540 1062 Antonius
564 1004 650 1061 Musa
673 1003 804 1076 ejusdem
827 1007 1001 1064 auctoritate
1019 1006 1090 1064 Divi
1108 1005 1169 1064 Au·

185 1095 278 1172 gusti,
303 1112 390 1170 quem
407 1099 562 1156 33333313
578 1099 729 1155 medicina
746 1097 828 1169 gravi
846 1097 974 1172 periculo
993 1095 1169 1154 exemerat.”

258 1187 371 1254 Quodsi
388 1188 526 1245 Horatius
545 1203 647 1245 revera
665 1189 843 1263 antiquatam
868 1188 1005 1246 medendi
1027 1187 1175 1244 rationem.

185 1293 251 1336 eum
273 1278 332 1335 levi
357 1281 523 1353 contemptu
547 1279 692 1356 respexit,
718 1270 869 1354 epistolam
893 1282 1010 1354 oportet
1034 1278 1172 1352 scriptam

186 1385 252 1426 3333
270 1370 318 1426 vel
335 1369 401 1444 ipso
419 1386 495 1428 anno
514 1371 578 1428 731.
604 1370 651 1427 vel
669 1369 751 1427 brevi
769 1373 845 1444 post.
863 1405 867 1420 .
882 1371 980 1444 Atque
999 1370 1042 1428 ita
1059 1370 1103 1426 nil
1120 1369 1172 1426 ho·

185 1459 237 1518 bet
259 1460 340 1537 miri,
371 1462 450 1535 quod
479 1462 559 1520 13333
584 1464 793 1520 sententiarum
816 1462 1011 1520 concinnitate
1033 1459 1175 1532 fomento

186 1555 453 1620 commemorentur.
503 1552 640 1628 Alioquin
669 1567 729 1611 nou
760 1552 921 1612 dubitarem
950 1568 1016 1612 oum
1044 1550 1182 1610 Buherio·

186 1643 314 1702 scribere
329 1651 469 1704 amenta.

259 1793 478 1851 EPIS'l'om
494 1795 559 1854 111.
579 1800 670 1872 ,ploti
686 1798 797 1858 111333)
813 1813 840 1854 a.
854 1797 918 1854 734.
937 1795 1099 1870 perscripta
1118 1795 1173 1868 331,

186 1899 252 1940 eum
269 1885 403 1943 'liberius
423 1885 460 1942 ab
478 1887 610 1958 Augusto
628 1888 661 1944 in
678 1888 779 1946 Asiam
797 1887 903 1944 missus
924 1888 1003 1962 erat,
1021 1889 1055 1940 ut
1073 1884 1174 1954 Tigra-

187 1991 256 2030 nem
282 1975 315 2034 in
342 1975 498 2032 Armeniae
525 1993 646 2048 regnum
671 1977 835 2035 deduceret
873 1977 932 2035 Dio
961 1977 1040 2034 Cass.
1069 1975 1122 2051 54,
1145 1975 1173 2030 9.

186 2064 287 2137 Vellej.
307 2063 342 2142 2,
361 2067 407 2122 94.
427 2068 543 2126 Suetou.
563 2070 627 2130 Tib.
647 2071 674 2127 9.
694 2069 914 2144 asennaa,
937 2069 966 2124 3.
992 2066 1085 2125 Strab.
1110 2065 1176 2124 libr.

188 2157 232 2216 17.
252 2173 281 2232 p.
301 2157 365 2217 821.
385 2159 486 2216 Horat.
506 2160 590 2234 epist.
612 2162 646 2236 1,
666 2160 711 2218 12.
729 2147 777 2218 26.
796 2159 907 2217 Tiberii
925 2147 958 2216 in
974 2159 1094 2216 cohorte
1112 2157 1177 2214 Ju-

187 2251 247 2310 1133
263 2251 376 2308 Florus
395 2253 466 2326 erat,
486 2252 533 2308 eui
552 2253 676 2326 epistola
693 2251 835 2327 inscripta
853 2252 962 2318 est.,ol.
976 2252 1104 2308 Messon.
1124 2247 1175 2303 vit.

187 2341 258 2400 Hor.
278 2356 307 2415 p.
327 2341 486 2400 285-87.
507 2344 622 2402 311331
641 2344 740 2418 templ.
760 2358 849 2400 roser.
869 2359 900 2417 p.
920 2341 983 2400 115.
1003 2339 1116 2399 etita.

262 2489 482 2562 marona
500 2504 561 2560 ιιι.
590 2505 683 2582 „lut
699 2507 892 2563 meamne>
908 2465 977 2563 ante
997 2521 1023 2561 a.
1044 2504 1109 2561 tae.
1127 2503 1178 2560 rr-

188 2593 260 2652 bulli
270 2595 457 2652 emortualem
467 2595 575 2668 scripta
585 2596 624 2651 311
635 2612 755 2652 3333333
768 2598 814 2652 331
825 2599 856 2654 31
867 2601 935 2670 post
947 2612 1013 2653 ann.
1027 2596 1103 2673 722,
1120 2611 1178 2668 quo
1294 2665 1296 2672 Α

146 2745 150 2754 ,
190 2677 321 2746 Tibullus
339 2687 467 2762 primurn
489 2688 642 2744 Horatium
665 2703 752 2744 nosse
777 2690 901 2761 poterat
926 2682 985 2767 (of.
1008 2687 1055 2744 od
1077 2687 1111 2764 1,
1130 2687 1177 2743 33.

64 2817 68 2828 ,
191 2798 220 2854 p.
242 2772 333 2859 lca).
372 2777 505 2835 Certiora
523 2795 593 2835 vero
612 2779 663 2852 qui
681 2782 826 2854 quaerunt
850 2779 874 2836 ii
896 2778 1015 2836 inanem
1031 2780 1181 2836 insumunt

192 2887 319 2946 operam.
344 2871 474 2928 Messon
494 2869 526 2926 in
543 2869 596 2926 vit.
614 2870 685 2927 Hor.
704 2886 734 2943 p.
755 2870 818 2927 155.
844 2869 1003 2941 assignavit
1027 2869 1180 2944 epistolam

192 2981 219 3020 a.
238 2962 320 3038 723,
340 2962 446 3036 Spohn.
468 2961 504 3019 de
522 2960 587 3018 Tib.
607 2961 657 3018 vit.
677 2978 706 3036 p.
726 2961 749 3019 L
769 2979 793 3020 o.
814 2962 841 3018 5.
868 2953 953 3034 eique
978 2960 1029 3033 qui
1050 2961 1181 3035 adstipu-

192 3054 245 3113 lati
269 3056 338 3110 sunt
361 3054 448 3117 Jahn.
473 3070 502 3128 p.
527 3052 609 3128 274,
639 3052 757 3109 Passov.
785 3053 838 3108 vit
867 3054 928 3108 not
958 3051 1034 3127 152,
1061 3053 1179 3112 Kirchu.

193 3148 305 3222 quaest.
324 3163 353 3219 p.
373 3145 400 3201 5.
420 3141 449 3222 §.
469 3145 496 3201 9.
516 3158 592 3201 anno
611 3142 693 3220 729.;
718 3141 877 3200 Wcichert.
904 3141 941 3198 de
961 3143 1028 3208 Var.
1049 3145 1179 3202 310333.

194 3255 223 3315 p.
243 3237 307 3293 ase.
328 3238 359 3292 et
378 3238 487 3292 aroer.
507 3251 536 3309 p.
556 3234 619 3290 473.
640 3221 725 3291 annis
743 3233 810 3314 aaa
837 3236 868 3291 et
886 3233 931 3290 34.
950 3263 989 3277 -
1017 3233 1181 3308 obrigitur

179 3313 280 3386 'tidem
298 3321 442 3386 habebisi
740 3324 742 3334 ’

163 3505 186 3544 4
270 3435 524 3526 ammonam
547 3467 591 3523 v.
621 3469 679 3544 „st
705 3475 792 3540 potes
821 3466 1015 3546 1133111331ιῷ
1039 3483 1113 3540 quae
1143 3481 1182 3522 ex

197 3561 356 3620 weicherti
375 3555 434 3640 (de
453 3560 571 3615 Versat
590 3559 670 3618 Cass.
690 3575 718 3632 p.
738 3560 794 3617 304
813 3575 856 3632 sq.
876 3561 911 3616 ci.
931 3559 977 3622 od.
998 3560 1026 3634 4,
1046 3554 1094 3635 7.)
1114 3572 1182 3614 oon-
1299 3585 1304 3598 ·

195 3653 308 3722 iectura
326 3651 364 3710 ad
389 3651 420 3708 c.
446 3650 580 3707 Nouium
603 3648 801 3722 manaem
826 3651 1010 3726 Torquatum
1034 3647 1182 3724 (1313331,

199 3741 308 3814 aliquot
326 3742 409 3800 annis
427 3743 495 3814 post
512 3756 538 3796 3.
558 3739 622 3798 729.
642 3741 777 3814 scriptam
802 3758 867 3798 3333
893 3740 1014 3797 efflatur
1038 3753 1125 3795 versu
1144 3740 1183 3814 4.,

199 3831 232 3888 in
250 3847 307 3905 quo
324 3834 470 3906 Torquato
487 3832 681 3894 vineatore
698 3834 808 3891 1133333
826 3848 885 3892 cos.
905 3825 985 3910 (1.3.
1006 3843 1082 3888 anno
1101 3824 1182 3908 728.)
