2792 4576
230 429 355 508 mentio,
379 430 413 486 ut
436 427 567 505 ligabit,
585 429 742 508 Demetrii,
760 431 882 509 Fannii,
913 433 998 492 Fabii
1023 435 1216 519 aliorumque,
1303 452 1305 458 ’

230 522 337 597 quippo
355 535 478 595 qnorum
488 520 677 578 intermortua
689 525 751 579 arat
762 525 909 581 memoria.
952 525 1058 584 055115
1076 529 1216 604 inpriore

229 614 339 670 nullum
361 611 531 688 vestigium,
556 610 634 685 quod
652 614 702 668 aut
717 612 814 670 villam
837 615 1001 688 possedisse
1024 622 1141 692 poetam
1165 623 1217 678 aut

231 704 355 764 scribam
372 696 518 784 missen)
537 703 748 760 commonstret
788 704 883 771 Quem
900 706 995 766 obiter
1018 709 1111 782 tangit
1128 710 1215 770 0515·

295 971 421 1035 14)11515
442 976 581 1034 argumento
602 987 649 1024 uon
670 973 706 1022 ita
727 972 825 1023 multum
845 975 978 1027 tribuerim.
1017 976 1080 1026 Nam
1100 977 1214 1041 scriptum

230 1039 392 1104 quaestorium
407 1037 534 1088 Horatium
549 1039 596 1088 sibl
611 1053 777 1104 comparasse,
799 1044 827 1088 ut
843 1042 919 1091 refert
935 1044 1033 1092 Sueten.
1050 1045 1108 1106 vit,
1128 1045 1214 1094 merito

229 1121 269 1154 me
280 1105 364 1168 jndice
379 1105 403 1153 in
420 1103 517 1153 dubium
532 1107 630 1155 vocavit
650 1107 788 1157 Soandon.
811 1107 836 1156 in
854 1108 911 1156 edit.
926 1109 986 1157 Hor.
1003 1110 1091 1172 (Anat
1107 1114 1133 1160 et
1147 1111 1214 1174 Llps.

229 1169 317 1235 1756.)
334 1171 402 1219 Tom.
414 1171 433 1219 1.
450 1183 474 1234 p.
487 1170 534 1221 188
552 1176 577 1220 51
594 1186 625 1221 ex
642 1174 815 1222 recentioribus
831 1175 921 1236 primns
938 1175 1087 1227 Paldamus
1102 1178 1140 1238 (in
1157 1191 1216 1226 cen-

228 1251 287 1288 sura
308 1237 418 1286 Passovii
439 1237 507 1298 libri,
530 1251 593 1300 quae
613 1239 701 1301 legitur
721 1240 746 1288 in
769 1240 872 1289 Seebod.
893 1240 961 1289 Jabn.
984 1244 1009 1288 et
1029 1241 1120 1290 Klotzii
1135 1243 1215 1292 55551.

229 1317 285 1352 anu.
300 1303 376 1354 1885.
391 1303 439 1353 vol.
456 1303 496 1354 15.
511 1319 536 1368 p.
552 1305 615 1370 84),
637 1307 699 1354 55115
714 1320 813 1355 1555555
834 1307 905 1355 istam
926 1307 1088 1356 narrationem
1109 1321 1140 1356 ex
1162 1309 1214 1358 solo

228 1383 300 1420 versu
318 1370 357 1420 86.
373 1370 427 1418 Sat.
443 1371 474 1430 2,
496 1372 520 1421 6.
543 1386 618 1434 eoque
640 1373 703 1422 male
725 1372 845 1422 intellecto
867 1372 1066 1422 1511555511511.
1099 1373 1213 1423 Profecto
1271 1419 1275 1426 .

228 1437 299 1499 plura
314 1438 370 1486 5551
386 1449 448 1500 quae
464 1437 499 1485 rel
516 1436 587 1486 fidem
603 1439 742 1500 infringant.
774 1439 838 1487 Nam
854 1453 907 1488 cum
917 1439 1055 1498 Horatium,
1072 1439 1094 1488 si
1109 1453 1213 1502 unquam

228 1504 309 1552 scriba
324 1504 384 1563 fuit,
400 1504 483 1550 statim
499 1505 554 1563 post
570 1503 671 1551 reditum
688 1518 718 1552 ex
729 1503 874 1568 Philippensi
890 1519 971 1568 pugna
986 1507 1053 1554 vitae
1073 1509 1214 1556 5115155155·-

228 1569 275 1618 655
297 1583 384 1618 555555
402 1569 444 1615 tali
466 1581 563 1615 munere
579 1568 682 1616 functum
700 1584 754 1618 esse
770 1575 795 1619 et
810 1585 854 1632 per
867 1586 895 1619 55
910 1572 970 1620 55115
986 1571 1099 1622 credibile
1115 1573 1147 1620 511
1163 1572 1214 1634 (115

225 1635 320 1696 judicat
342 1635 415 1682 etlam
436 1629 530 1685 Grotef.
552 1646 575 1712 p.
599 1632 656 1684 458.
679 1635 731 1698 b),
750 1640 779 1729 ,pt
801 1637 909 1686 Suetonii
930 1638 1012 1686 verbis
1035 1639 1211 1700 comprobetur:

229 1695 1212 1833 11111111111111111151111111111111

227 1834 269 1879 tus
285 1831 347 1894 est):
369 1830 454 1878 mirum
475 1844 534 1879 sane
556 1836 595 1880 est
616 1833 641 1881 15
662 1835 742 1897 priore
758 1837 896 1884 Sermonum
911 1837 972 1884 libro
987 1836 1075 1884 unllam
1091 1834 1160 1898 hujus
1176 1836 1212 1885 151

228 1897 370 1945 mentionem
386 1894 439 1944 fieri
457 1901 482 1946 et
504 1898 620 1960 quaedam
638 1902 710 1948 etiam
725 1901 859 1951 adversari.
890 1900 987 1951 Etenim
1003 1917 1049 1951 nou
1066 1903 1142 1952 solnm
1157 1902 1212 1951 Sat.

227 1963 258 2023 1,
276 1967 299 2012 5.
317 1964 356 2014 84.
373 1964 462 2012 acerba
478 1964 589 2013 irrisione
605 1963 739 2029 Aufidium
755 1967 884 2032 Mecum,
901 1971 1010 2019 insanum
1025 1970 1090 2018 illum
1101 1968 1213 2029 scribam,

227 2031 306 2092 tangit
322 2033 387 2080 etv.
405 2029 444 2080 66.
466 2030 527 2078 5155
549 2045 595 2078 555
618 2030 771 2079 honorificam
792 2034 887 2082 scribae
908 2036 1043 2084 Sarmenti
1060 2035 1105 2095 (of,
1120 2035 1212 2083 Welcb.

227 2112 252 2160 p.
268 2097 312 2145 151.
329 2112 352 2159 p.
369 2096 419 2146 224
434 2111 471 2158 sq.
487 2100 537 2145 not.
553 2096 607 2160 12.)
623 2098 765 2145 mentionem
781 2097 871 2158 injicit,
888 2103 916 2146 nt
932 2114 961 2146 eo
978 2103 1085 2160 tempore
1100 2101 1143 2149 vix
1159 2099 1213 2160 ipse

226 2163 333 2225 potuerit
347 2162 372 2209 iu
389 2162 474 2210 scribis
491 2177 555 2220 esse,
577 2162 622 2209 sed
645 2163 717 2208 511515
738 2163 762 2208 15
784 2164 852 2210 vitae
873 2176 932 2210 snae
948 2162 1102 2224 quotidianae
1118 2163 1212 2211 descri-

227 2229 322 2292 ptione,
339 2242 409 2290 quam
425 2229 477 2276 Sat.
494 2229 522 2285 6,
542 2226 591 2278 111
612 2241 647 2288 sq.
664 2226 743 2284 dedit,
765 2226 884 2288 nilplaue
900 2227 975 2275 1555
991 2241 1090 2276 munere
1111 2229 1212 2292 profert,

228 2295 284 2358 quin
307 2295 409 2356 negotiis
430 2293 577 2374 seuliberum
590 2306 653 2340 'esse
675 2291 799 2385 perspici}
821 2291 933 2341 51111551.
961 2308 985 2342 v.
1006 2294 1075 2341 modo
1097 2309 1122 2344 1.
1142 2293 1212 2390 ,11οῧ

227 2355 784 2490 11ᾞ111111Ὴ1111111111
807 2358 902 2473 1111·
913 2359 1030 2485 ati?
1030 2361 1217 2492 11511315

226 2495 292 2562 qaid
313 2493 396 2544 daber
416 2495 467 2560 ott,
490 2487 732 2556 llbadojciortied
766 2491 856 2543 Quibus
871 2493 952 2542 verbis
968 2493 989 2540 51
1006 2507 1092 2541 revera
1106 2487 1216 2542 15555115

228 2562 328 2622 alicujus
343 2560 494 2610 vacationem
509 2557 666 2621 significavit,
690 2561 714 2606 et
733 2556 755 2605 51
772 2557 877 2607 ordinem
894 2573 939 2621 quo
955 2559 1067 2620 leguntur
1083 2559 1211 2608 Sermones

227 2625 357 2675 secuudum
377 2627 491 2686 temporie
513 2626 612 2684 5511551,
635 2638 682 2688 qua
705 2625 788 2687 scripti
811 2628 879 2684 suut,
902 2627 1056 2674 constitutum
1073 2640 1126 2674 esse
1143 2629 1211 2674 15515

228 2691 331 2740 dixeris:
348 2689 471 2748 Horatius,
488 2692 509 2738 si
526 2705 642 2755 unquam,
659 2691 757 2739 debebit
767 2691 800 2738 ad
815 2692 841 2739 id
851 2707 927 2754 usque
942 2696 1043 2754 tempus,
1060 2705 1106 2753 qno
1117 2692 1168 2739 Sat
1185 2690 1209 2740 4.

228 2756 374 2819 composuit,
390 2755 471 2803 scriba
485 2757 574 2816 151555,
590 2772 667 2820 neque
682 2770 741 2806 sero
757 2759 897 2818 posteriore.
930 2758 994 2806 Nam
1010 2772 1062 2806 oum
1072 2758 1210 2820 provectior

227 2827 309 2872 aetate
324 2823 463 2885 plerumque
478 2823 527 2868 ruri
542 2823 637 2884 degerit
652 2823 722 2884 (test.
738 2823 832 2886 Suet),
855 2825 890 2871 ita
911 2825 961 2871 otio
983 2825 1089 2873 literario
1106 2823 1209 2884 deditur,

227 2892 255 2939 ut
278 2889 431 2954 epistolarum
452 2886 629 2937 scribendarum
649 2903 742 2948 155515,
759 2889 822 2950 quod
837 2889 959 2950 Augustus
980 2890 1055 2950 (auno
1078 2890 1129 2938 1515
1145 2904 1169 2938 5.
1188 2905 1208 2939 o.

227 2955 284 3006 781.
306 2970 360 3006 cum
381 2954 532 3018 aegrotabat,
549 2968 579 3002 ex
601 2956 738 3016 conjectura
753 2954 859 3002 Massoui
881 2955 1091 3019 111.ρ.226.)51
1114 2957 1208 3017 obtulit,

227 3022 344 3071 recusarit
360 3021 441 3083 (8551.
457 3020 526 3068 wid.
541 3019 573 3066 ad
589 3034 627 3082 ep.
647 3022 672 3080 2,
688 3020 738 3084 1.),
756 3019 842 3068 deinde
858 3034 911 3067 cum
927 3021 1083 3083 improbabile
1099 3024 1131 3072 sit
1147 3037 1209 3080 eum,

200 3081 203 3102 ¹
227 3088 268 3135 ubi
285 3088 309 3137 15
325 3089 456 3152 principum
472 3087 634 3136 familiaritate
650 3087 708 3146 fuit,
731 3088 755 3134 iu
773 3087 903 3135 scribarum
918 3099 991 3148 grege
1007 3088 1107 3150 amplius
1122 3101 1208 3137 versa-

226 3157 278 3202 tum
294 3167 360 3214 esse,
376 3157 416 3218 qni
432 3154 525 3204 bonesti
541 3154 634 3217 quidem
650 3168 694 3216 per
704 3168 731 3202 55
744 3157 813 3202 51551
828 3153 892 3213 (Cic.
904 3151 972 3200 Verr.
985 3155 1008 3212 8,
1026 3154 1091 3216 78.),
1108 3153 1151 3200 sed
1162 3166 1208 3199 au-

227 3219 411 3269 unmerabantur
425 3225 505 3270 tamen
518 3221 677 3269 ministrorum
689 3221 869 3281 magistratuum
884 3217 991 3266 inferiori
1008 3219 1078 3267 classi
1090 3217 1207 3278 (Sebmid.

227 3285 260 3334 ad
282 3285 352 3346 epist.
373 3285 402 3344 1,
423 3287 448 3335 8.
464 3287 515 3350 2.):
537 3300 627 3334 summo
644 3287 700 3346 jure
716 3284 831 3333 Wielaud.
847 3283 879 3329 ad
895 3285 940 3332 Sat
962 3285 990 3343 2,
1007 3287 1031 3334 6.
1048 3284 1088 3332 86.
1105 3283 1208 3342 conjecit

226 3351 352 3401 Horatium
372 3350 405 3398 ad
424 3350 450 3398 id
470 3365 545 3415 usque
561 3358 666 3413 tempus,
683 3365 728 3413 quo
745 3350 878 3397 Maecenati
894 3351 1028 3399 insinuatus
1043 3349 1089 3408 511,
1112 3348 1208 3396 scribae

227 3417 352 3482 prouincia
363 3417 468 3465 functum
480 3433 540 3475 5155,
556 3421 641 3480 postca
656 3431 684 3464 55
699 3415 832 3463 abdicasse.
849 3415 901 3464 Hoc
917 3418 1005 3466 factum
1020 3415 1093 3463 fuerit
1108 3427 1208 3462 5555555

228 3488 266 3535 551
287 3497 349 3532 auno
366 3497 390 3531 1.
406 3496 428 3530 5.
444 3481 501 3531 717.
517 3482 568 3542 (lta
583 3481 650 3532 Jabn.
668 3494 760 3543 quoque
777 3482 862 3530 statuit
877 3484 903 3532 iu
920 3483 976 3531 edit.
993 3497 1017 3542 p.
1033 3479 1091 3530 870.
1110 3483 1134 3528 51
1152 3479 1207 3528 Ob·
1314 3499 1315 3504 ¹

226 3550 354 3599 55115515
377 3549 557 3597 Ζ1155151515551
578 3545 721 3610 epberuerid
742 3560 796 3596 aun.
818 3545 1027 3613 teutpald).
1060 3547 1111 3598 Quo
1127 3550 1207 3596 autem

170 3611 176 3627 ¹
226 3621 334 3681 tempore
350 3615 447 3678 scripsit
462 3614 527 3675 (Sat.
544 3616 572 3672 2,
589 3615 613 3662 6.
630 3612 696 3674 aad:

231 3713 233 3718 .
332 3679 333 3684 ’
374 3681 410 3732 De
427 3695 454 3729 re
470 3679 585 3728 communi
601 3678 695 3726 scribae
710 3692 796 3741 magua
812 3684 885 3742 atque
900 3693 964 3728 nora
978 3682 1005 3728 15

374 3747 482 3799 orabant
498 3745 567 3796 bodie
583 3743 731 3793 meminisses
737 3747 863 3860 ,2151515
880 3746 978 3804 reverti,
1148 3801 1150 3808 Ι

211 3831 257 3878 Ι55
284 3815 372 3866 dudum
399 3814 505 3864 desierat
532 3810 659 3875 seriptodo
687 3825 741 3860 mun
770 3827 784 3861 o
809 3811 884 3874 fungi.
934 3811 998 3862 Nam
1024 3812 1118 3864 51155151
1145 3813 1206 3864 nolls
