2760 4588
397 271 747 392 ⁴'--'1sr--

150 490 218 550 Sed
231 490 337 562 largiar
361 485 506 562 Niphates
530 489 646 546 nomine
664 513 703 536 -e
726 488 788 547 sive
812 489 932 548 fluvium
958 491 1046 562 poeta
1071 490 1134 548 sive

150 585 278 640 montem
301 579 445 637 intellexit
467 606 506 624 -ι
529 579 697 638 Armeniam
725 579 912 651 significatam
939 596 1013 638 esse.
1062 580 1135 637 Cum

151 673 326 731 Mantuanus
336 673 432 744 ¹poeta
445 669 507 740 J'am
525 686 551 728 a.
564 670 628 728 724.
648 671 793 728 consuetis
806 670 1047 745 superlationibus
1060 686 1134 728 usus

150 762 187 838 da
205 761 351 820 Armeniis
374 761 545 835 Parthisque
569 762 703 821 subactis
728 761 841 818 locutus
861 761 915 838 sit,
934 761 1023 818 etiam
1041 761 1132 818 blora·

149 853 223 917 tium
247 852 324 910 illius
346 851 479 922 uestigiis
502 851 685 910 insistentem
709 853 899 910 manifestum
911 854 956 910 est
973 868 1021 909 res
1039 867 1058 908 a
1075 850 1133 908 Ro-

150 943 243 1016 manis
262 942 400 1001 adversus
419 933 520 1014 gentes
538 942 610 1000 istas
630 946 743 1019 gestas,
769 943 882 1002 etiamsi
906 958 943 999 ne
963 958 1133 1000 commemo·

148 1034 260 1092 ratione
290 1032 413 1106 quidem,
432 1031 536 1102 dignae
560 1036 673 1110 essent,
698 1033 816 1092 mirifica
840 1049 947 1105 augere
972 1036 1002 1090 et
1031 1033 1131 1107 ampli·

148 1127 234 1184 licere
259 1123 389 1199 potuisse
414 1125 584 1198 propterea,
609 1127 642 1180 ut
665 1124 790 1196 Augusti
807 1124 910 1181 honori
933 1123 1131 1181 velificaretnr.

13 1235 24 1251 ·
148 1218 193 1276 Ac
217 1213 368 1290 quaerenti
391 1213 479 1288 mihi,
505 1213 620 1286 quando
645 1215 682 1272 ab
707 1231 743 1272 eo
760 1215 831 1272 talia
850 1207 957 1289 scripta
975 1230 1040 1272 esso
1057 1215 1133 1278 veri.-
1257 1215 1260 1222 '

148 1307 242 1367 simile
262 1305 317 1380 sit,
345 1304 455 1360 nullum
473 1307 591 1377 tempus.
605 1305 702 1378 aptius
719 1304 836 1362 videtur
859 1295 941 1381 csse,
965 1320 1052 1379 quam
1075 1321 1133 1380 quo

148 1399 212 1471 ipse
229 1397 376 1469 Parthos,
397 1395 489 1451 Serae
507 1395 538 1450 et
554 1396 650 1456 iactos
663 1394 743 1465 justo
762 1393 885 1452 domitos
903 1395 1050 1470 triumpho
1068 1391 1132 1475 (od.

149 1484 300 1568 1‚12.)c
331 1487 433 1554 Dacos
449 1486 634 1562 Scyllaeaque
652 1486 785 1542 subactos
804 1477 868 1565 (od.
887 1485 922 1562 3,
941 1479 985 1566 8.)
1010 1484 1085 1542 dixit
1102 1485 1131 1542 b.
1223 1509 1227 1519 ·

61 1573 66 1590 ¹
146 1595 173 1636 e.
193 1595 246 1652 per
264 1593 290 1634 a.
307 1576 370 1632 729.
383 1578 413 1632 et
431 1576 495 1632 730.
534 1576 608 1634 Sane
628 1578 821 1652 eotempore‚
840 1576 1008 1648 quotanus
1028 1591 1130 1633 secun·
1179 1609 1181 1616 ‹

148 1669 216 1726 dum
234 1666 420 1726 claudebatur
444 1668 476 1723 et
492 1666 640 1737 Augustus
659 1667 857 1744 Parthicarum
874 1666 969 1724 litium
988 1666 1132 1740 discepta-

147 1763 194 1816 tor
211 1761 302 1816 lactus
321 1761 399 1833 erat,
424 1773 484 1814 non
502 1757 595 1814 solum
612 1759 737 1816 Medum
751 1757 870 1829 ttamen
894 1758 947 1815 sed
965 1757 1054 1815 etiam
1072 1759 1131 1816 Ni·

145 1851 252 1922 pbacea
269 1879 307 1892 -
325 1847 410 1920 quasi
433 1849 495 1904 toto
523 1847 642 1904 Oriente
671 1847 790 1903 subacto
807 1877 846 1892 -
863 1847 988 1904 minores
1015 1847 1132 1904 volvere

147 1938 272 1995 vortices
300 1937 359 1992 dici
382 1936 478 2008 potuit
502 1935 660 2009 aptissime.
703 1937 750 1993 De
775 1936 893 1994 Gelonis
917 1937 952 1994 ci.
978 1952 1052 2010 qnae
1071 1936 1132 1992 dixi

146 2029 185 2087 ad
204 2027 250 2084 od.
272 2027 305 2101 1,
326 2026 369 2083 19.
387 2027 419 2081 et
436 2026 470 2101 3,
491 2025 535 2082 18.
573 2028 661 2084 Nova
679 2029 776 2083 autem
793 2026 843 2084 illa
860 2034 987 2100 tropaea
1004 2027 1133 2101 Aapoca

146 2135 206 2188 non
235 2117 335 2174 dubito
360 2115 431 2189 quin
454 2115 606 2174 referenda
630 2117 689 2173 sint
712 2116 750 2173 ad
774 2132 944 2190 prosperum
968 2132 1132 2175 successum
1149 2132 1166 2154 ³

148 2207 336 2268 cantabricae
355 2206 548 2282 expeditionis
568 2209 636 2266 tunc
653 2207 750 2284 ipsum
768 2206 807 2266 ad
825 2209 911 2276 linem
928 2208 1094 2284 perductae.
1174 2198 1176 2206 ’

224 2355 404 2413 ommi
421 2357 468 2414 x.
489 2407 492 2416 .
513 2357 659 2436 „Rectus
682 2355 789 2418 staff
811 2359 902 2418 multo
926 2362 994 2433 ante
1019 2373 1045 2416 a.
1066 2357 1130 2416 732.

147 2449 286 2522 scriptum
310 2466 375 2505 esse
400 2447 503 2521 debet,
529 2463 586 2520 quo
611 2448 770 2518 conjuratio
788 2450 894 2507 Licinii
911 2449 1047 2507 Varronis
1065 2443 1131 2526 Mu-

147 2553 270 2611 caenae,
299 2537 337 2592 ad
361 2553 447 2608 quem
471 2536 527 2592 oda
551 2536 620 2592 data
642 2536 773 2614 videtur,
803 2537 955 2596 ceraunii
977 2536 1130 2611 Caepionis

146 2627 184 2685 ad
201 2627 365 2697 Augustum
383 2624 605 2698 opprimendum
623 2627 698 2682 iacta
717 2626 832 2685 detecta
853 2630 899 2684 est
917 2621 968 2709 (cf.
988 2644 1016 2702 p.
1036 2628 1081 2700 62.
1100 2631 1131 2685 et

149 2713 239 2798 171).
277 2716 339 2773 Neo
358 2718 455 2772 tamen
473 2731 580 2773 annum
598 2715 661 2788 ejus
678 2717 804 2775 natalem
822 2718 905 2777 facile
922 2718 1078 2795 inveneris,
1098 2721 1131 2775 ut

147 2808 264 2884 quidam
281 2805 345 2864 ausi
364 2809 439 2871 sunt.
482 2806 636 2864 Passovius
662 2809 738 2880 enim
764 2803 839 2891 (not.
861 2807 941 2890 101.)
959 2809 991 2866 id
1009 2825 1034 2866 a
1055 2809 1129 2884 721,
1182 2794 1185 2802 ’

147 2899 265 2958 Kirchn
285 2896 344 2956 tab.
363 2897 423 2956 chr.
442 2913 468 2954 a.
489 2897 570 2976 728.,
597 2899 705 2960 Grotel
725 2916 754 2974 p.
774 2900 837 2959 471.
856 2900 885 2958 b.
905 2899 1128 2960 111073111-

148 2989 281 3064 signavit

220 3109 400 3172 (immi
416 3113 479 3174 xl·
496 3114 534 3174 ob
551 3115 650 3192 ipsum
667 3113 830 3174 exordium:

287 3203 395 3282 „Quid
412 3206 569 3266 bellicosas
590 3197 741 3266 Cantaber
765 3213 795 3266 et
810 3206 947 3285 Scyllaeo,

294 3295 421 3366 Hirpine
439 3297 571 3374 (talam,
590 3299 708 3372 sopitat,
726 3299 848 3374 Hadria

344 3387 470 3444 meaos
487 3387 614 3464 objecto,
632 3390 767 3448 renallus

285 3501 288 3506 ·
380 3477 561 3546 ovomere?
680 3551 684 3554 ³
728 3543 729 3548 η

147 3567 298 3642 probabile
316 3570 362 3626 est
380 3569 570 3642 compositum
589 3585 653 3628 esse
672 3570 725 3628 sub
743 3570 830 3628 linem
847 3585 874 3627 a.
894 3568 957 3628 728.
978 3571 1028 3628 aut
1045 3565 1128 3624 initio

149 3673 177 3716 a.
200 3656 281 3735 7211,
308 3675 373 3718 oum
398 3659 534 3718 Cantabri
563 3661 735 3740 rebellarent
762 3663 794 3718 et
820 3660 943 3731 Scythae
972 3657 1129 3728 instigante

147 3747 271 3806 Phraate
295 3753 395 3834 conba
418 3750 583 3810 Teridatem
607 3749 820 3826 expeditionem
837 3749 982 3824 pararent
1005 3742 1059 3830 (ct
1079 3746 1144 3804 odu

148 3840 178 3917 3,
188 3838 216 3900 8.
230 3840 260 3898 et
273 3838 300 3917 l,
314 3836 377 3920 19.)
405 3843 482 3902 cave
494 3843 591 3905 autem
603 3840 639 3902 de
651 3858 677 3903 a
691 3833 754 3900 725.
768 3840 896 3918 cogites,
911 3853 970 3916 quo
982 3837 1128 3916 canubii,

356 3949 369 3958 s
