<?xml version="1.0" encoding="UTF-8"?>
<!DOCTYPE html PUBLIC "-//W3C//DTD XHTML 1.0 Transitional//EN"
    "http://www.w3.org/TR/xhtml1/DTD/xhtml1-transitional.dtd">
<html xmlns="http://www.w3.org/1999/xhtml" xml:lang="en" lang="en">
 <head>
  <title>
</title>
<meta http-equiv="Content-Type" content="text/html;charset=utf-8" />
  <meta name='ocr-system' content='tesseract 3.04.00' />
  <meta name='ocr-capabilities' content='ocr_page ocr_carea ocr_par ocr_line ocrx_word'/>
</head>
<body>
  <div class='ocr_page' id='page_1' title='image "./fastihoratiani00lachgoog_0184.png"; bbox 0 0 2776 4582; ppageno 0'>
   <div class='ocr_carea' id='block_1_1' title="bbox 540 263 817 328">
    <p class='ocr_par' dir='ltr' id='par_1_1' title="bbox 540 263 817 328">
     <span class='ocr_line' id='line_1_1' title="bbox 540 263 817 328; baseline 0 0"><span class='ocrx_word' id='word_1_1' title='bbox 540 263 817 328; x_wconf 58' lang='lat' dir='ltr'>*iii-</span> 
     </span>
    </p>
   </div>
   <div class='ocr_carea' id='block_1_2' title="bbox 104 393 1164 870">
    <p class='ocr_par' dir='ltr' id='par_1_2' title="bbox 104 393 1164 870">
     <span class='ocr_line' id='line_1_2' title="bbox 127 393 1164 512; baseline 0.004 -25"><span class='ocrx_word' id='word_1_2' title='bbox 127 424 134 430; x_wconf 75' lang='grc'><em>’</em></span> <span class='ocrx_word' id='word_1_3' title='bbox 153 428 286 504; x_wconf 86' lang='lat' dir='ltr'>Septimii</span> <span class='ocrx_word' id='word_1_4' title='bbox 298 425 425 486; x_wconf 84' lang='lat' dir='ltr'>amicitia</span> <span class='ocrx_word' id='word_1_5' title='bbox 436 393 631 499; x_wconf 83' lang='lat' dir='ltr'>praedicanda</span> <span class='ocrx_word' id='word_1_6' title='bbox 642 426 792 502; x_wconf 87' lang='lat' dir='ltr'>ponendus</span> <span class='ocrx_word' id='word_1_7' title='bbox 811 443 885 484; x_wconf 82' lang='lat' dir='ltr'>assa.</span> <span class='ocrx_word' id='word_1_8' title='bbox 909 427 979 512; x_wconf 68' lang='lat' dir='ltr'>Seii</span> <span class='ocrx_word' id='word_1_9' title='bbox 996 443 1082 490; x_wconf 85' lang='lat' dir='ltr'>nemo</span> <span class='ocrx_word' id='word_1_10' title='bbox 1098 432 1164 508; x_wconf 82' lang='lat' dir='ltr'>ri·-</span> 
     </span>
     <span class='ocr_line' id='line_1_3' title="bbox 153 499 1138 596; baseline 0.004 -19"><span class='ocrx_word' id='word_1_11' title='bbox 153 523 247 577; x_wconf 88' lang='lat' dir='ltr'>matus</span> <span class='ocrx_word' id='word_1_12' title='bbox 271 522 333 596; x_wconf 90' lang='lat' dir='ltr'>est,</span> <span class='ocrx_word' id='word_1_13' title='bbox 358 532 413 581; x_wconf 85' lang='lat' dir='ltr'>nec</span> <span class='ocrx_word' id='word_1_14' title='bbox 437 516 590 574; x_wconf 83' lang='lat' dir='ltr'>rimabitur</span> <span class='ocrx_word' id='word_1_15' title='bbox 612 518 696 575; x_wconf 83' lang='lat' dir='ltr'>facile</span> <span class='ocrx_word' id='word_1_16' title='bbox 720 519 887 595; x_wconf 89' lang='lat' dir='ltr'>quisquam,</span> <span class='ocrx_word' id='word_1_17' title='bbox 916 533 974 592; x_wconf 89' lang='lat' dir='ltr'>quo</span> <span class='ocrx_word' id='word_1_18' title='bbox 1000 499 1138 582; x_wconf 83' lang='lat' dir='ltr'>Hbratius</span> 
     </span>
     <span class='ocr_line' id='line_1_4' title="bbox 152 607 1139 684; baseline 0.005 -16"><span class='ocrx_word' id='word_1_19' title='bbox 152 611 277 684; x_wconf 93' lang='lat' dir='ltr'>impulsu</span> <span class='ocrx_word' id='word_1_20' title='bbox 302 609 335 664; x_wconf 92' lang='lat' dir='ltr'>in</span> <span class='ocrx_word' id='word_1_21' title='bbox 349 607 427 664; x_wconf 88' lang='lat' dir='ltr'>talia</span> <span class='ocrx_word' id='word_1_22' title='bbox 450 607 593 666; x_wconf 89' lang='lat' dir='ltr'>inciderit.</span> <span class='ocrx_word' id='word_1_23' title='bbox 629 608 722 680; x_wconf 80' lang='lat' dir='ltr'>Hujus</span> <span class='ocrx_word' id='word_1_24' title='bbox 746 609 790 666; x_wconf 90' lang='lat' dir='ltr'>rei</span> <span class='ocrx_word' id='word_1_25' title='bbox 813 609 874 680; x_wconf 89' lang='lat' dir='ltr'>jam&#39;</span> <span class='ocrx_word' id='word_1_26' title='bbox 898 612 1013 667; x_wconf 88' lang='lat' dir='ltr'>veteres</span> <span class='ocrx_word' id='word_1_27' title='bbox 1037 613 1139 673; x_wconf 85' lang='lat' dir='ltr'>Scholl.</span> 
     </span>
     <span class='ocr_line' id='line_1_5' title="bbox 104 699 1140 775; baseline 0.003 -17"><span class='ocrx_word' id='word_1_28' title='bbox 104 745 109 766; x_wconf 85' lang='lat'>‚</span> <span class='ocrx_word' id='word_1_29' title='bbox 153 701 247 773; x_wconf 82' lang='lat' dir='ltr'>ignari</span> <span class='ocrx_word' id='word_1_30' title='bbox 266 701 363 774; x_wconf 88' lang='lat' dir='ltr'>erant,</span> <span class='ocrx_word' id='word_1_31' title='bbox 383 713 504 772; x_wconf 87' lang='lat' dir='ltr'>quorum</span> <span class='ocrx_word' id='word_1_32' title='bbox 522 699 634 756; x_wconf 81' lang='lat' dir='ltr'>Aaron:</span> <span class='ocrx_word' id='word_1_33' title='bbox 638 699 866 775; x_wconf 89' lang='lat' dir='ltr'>„Septimium,</span> <span class='ocrx_word' id='word_1_34' title='bbox 887 700 1018 773; x_wconf 90' lang='lat' dir='ltr'>equitem</span> <span class='ocrx_word' id='word_1_35' title='bbox 1035 701 1140 760; x_wconf 82' lang='lat' dir='ltr'>Roma·</span> 
     </span>
     <span class='ocr_line' id='line_1_6' title="bbox 153 789 1139 870; baseline 0.003 -22"><span class='ocrx_word' id='word_1_36' title='bbox 153 808 239 868; x_wconf 88' lang='lat' dir='ltr'>num,</span> <span class='ocrx_word' id='word_1_37' title='bbox 264 790 388 846; x_wconf 86' lang='lat' dir='ltr'>amioum</span> <span class='ocrx_word' id='word_1_38' title='bbox 413 791 442 844; x_wconf 91' lang='lat' dir='ltr'>et</span> <span class='ocrx_word' id='word_1_39' title='bbox 467 789 689 846; x_wconf 87' lang='lat' dir='ltr'>commilitonem</span> <span class='ocrx_word' id='word_1_40' title='bbox 713 807 797 848; x_wconf 90' lang='lat' dir='ltr'>suum</span> <span class='ocrx_word' id='word_1_41' title='bbox 820 789 875 846; x_wconf 83' lang='lat' dir='ltr'>hac</span> <span class='ocrx_word' id='word_1_42' title='bbox 899 790 954 847; x_wconf 89' lang='lat' dir='ltr'>ode</span> <span class='ocrx_word' id='word_1_43' title='bbox 975 793 1139 870; x_wconf 78' lang='lat' dir='ltr'><strong>alloquitur,</strong></span> 
     </span>
    </p>
   </div>
   <div class='ocr_carea' id='block_1_3' title="bbox 155 865 1237 961">
    <p class='ocr_par' dir='ltr' id='par_1_3' title="bbox 155 865 1237 961">
     <span class='ocr_line' id='line_1_7' title="bbox 155 865 1237 961; baseline 0.001 -22"><span class='ocrx_word' id='word_1_44' title='bbox 155 883 203 940; x_wconf 87' lang='lat' dir='ltr'>cui</span> <span class='ocrx_word' id='word_1_45' title='bbox 221 898 253 937; x_wconf 89' lang='lat' dir='ltr'>se</span> <span class='ocrx_word' id='word_1_46' title='bbox 271 883 384 937; x_wconf 88' lang='lat' dir='ltr'>tantum</span> <span class='ocrx_word' id='word_1_47' title='bbox 403 878 511 949; x_wconf 84' lang='lat' dir='ltr'>gratiae</span> <span class='ocrx_word' id='word_1_48' title='bbox 529 879 744 937; x_wconf 80' lang='lat' dir='ltr'>necessitudine</span> <span class='ocrx_word' id='word_1_49' title='bbox 768 881 810 936; x_wconf 85' lang='lat' dir='ltr'>iat</span> <span class='ocrx_word' id='word_1_50' title='bbox 797 865 876 937; x_wconf 83' lang='lat' dir='ltr'>tetur</span> <span class='ocrx_word' id='word_1_51' title='bbox 898 881 1018 939; x_wconf 77' lang='lat' dir='ltr'>arleti-iet</span> <span class='ocrx_word' id='word_1_52' title='bbox 1005 885 1083 961; x_wconf 89' lang='lat' dir='ltr'>tum,</span> <span class='ocrx_word' id='word_1_53' title='bbox 1108 888 1142 941; x_wconf 87' lang='lat' dir='ltr'>ut</span> <span class='ocrx_word' id='word_1_54' title='bbox 1234 921 1237 926; x_wconf 68' lang='lat'>,</span> 
     </span>
    </p>
   </div>
   <div class='ocr_carea' id='block_1_4' title="bbox 156 969 1139 1052">
    <p class='ocr_par' dir='ltr' id='par_1_4' title="bbox 156 969 1139 1052">
     <span class='ocr_line' id='line_1_8' title="bbox 156 969 1139 1052; baseline 0.004 -24"><span class='ocrx_word' id='word_1_55' title='bbox 156 973 181 1028; x_wconf 91' lang='lat' dir='ltr'>si</span> <span class='ocrx_word' id='word_1_56' title='bbox 198 972 270 1027; x_wconf 84' lang='lat' dir='ltr'>velit</span> <span class='ocrx_word' id='word_1_57' title='bbox 288 970 326 1028; x_wconf 87' lang='lat' dir='ltr'>ad</span> <span class='ocrx_word' id='word_1_58' title='bbox 344 969 459 1025; x_wconf 88' lang='lat' dir='ltr'>ultimas</span> <span class='ocrx_word' id='word_1_59' title='bbox 477 969 636 1026; x_wconf 88' lang='lat' dir='ltr'>nationes&#39;</span> <span class='ocrx_word' id='word_1_60' title='bbox 627 987 671 1026; x_wconf 86' lang='lat' dir='ltr'>rre</span> <span class='ocrx_word' id='word_1_61' title='bbox 697 987 728 1028; x_wconf 86' lang='lat' dir='ltr'>se</span> <span class='ocrx_word' id='word_1_62' title='bbox 748 988 812 1027; x_wconf 86' lang='lat' dir='ltr'>eum</span> <span class='ocrx_word' id='word_1_63' title='bbox 830 987 866 1026; x_wconf 89' lang='lat' dir='ltr'>eo</span> <span class='ocrx_word' id='word_1_64' title='bbox 878 973 1027 1052; x_wconf 72' lang='lat' dir='ltr'>promittat</span> <span class='ocrx_word' id='word_1_65' title='bbox 1045 991 1139 1050; x_wconf 90' lang='lat' dir='ltr'>posse.</span> 
     </span>
    </p>
   </div>
   <div class='ocr_carea' id='block_1_5' title="bbox 154 1059 1256 1135">
    <p class='ocr_par' dir='ltr' id='par_1_5' title="bbox 154 1059 1256 1135">
     <span class='ocr_line' id='line_1_9' title="bbox 154 1059 1256 1135; baseline 0.005 -17"><span class='ocrx_word' id='word_1_66' title='bbox 154 1063 296 1118; x_wconf 87' lang='lat' dir='ltr'>Hortatur</span> <span class='ocrx_word' id='word_1_67' title='bbox 319 1063 433 1135; x_wconf 85' lang='lat' dir='ltr'>tamen,</span> <span class='ocrx_word' id='word_1_68' title='bbox 458 1063 491 1114; x_wconf 90' lang='lat' dir='ltr'>ut</span> <span class='ocrx_word' id='word_1_69' title='bbox 516 1059 679 1128; x_wconf 82' lang='lat' dir='ltr'>gratissima</span> <span class='ocrx_word' id='word_1_70' title='bbox 697 1060 754 1118; x_wconf 85' lang='lat' dir='ltr'>sibi</span> <span class='ocrx_word' id='word_1_71' title='bbox 778 1060 842 1118; x_wconf 87' lang='lat' dir='ltr'>loca</span> <span class='ocrx_word' id='word_1_72' title='bbox 861 1061 956 1132; x_wconf 81' lang='lat' dir='ltr'>eligat</span> <span class='ocrx_word' id='word_1_73' title='bbox 973 1063 1090 1122; x_wconf 85' lang='lat' dir='ltr'>Tiburis</span> <span class='ocrx_word' id='word_1_74' title='bbox 1108 1067 1138 1124; x_wconf 89' lang='lat' dir='ltr'>et</span> <span class='ocrx_word' id='word_1_75' title='bbox 1200 1064 1203 1070; x_wconf 83' lang='grc'><em>’</em></span> <span class='ocrx_word' id='word_1_76' title='bbox 1253 1067 1256 1085; x_wconf 78' lang='lat'>¹</span> 
     </span>
    </p>
   </div>
   <div class='ocr_carea' id='block_1_6' title="bbox 93 1143 1141 1231">
    <p class='ocr_par' dir='ltr' id='par_1_6' title="bbox 93 1143 1141 1231">
     <span class='ocr_line' id='line_1_10' title="bbox 93 1143 1141 1231; baseline 0.004 -22"><span class='ocrx_word' id='word_1_77' title='bbox 93 1149 95 1154; x_wconf 77' lang='grc'>’</span> <span class='ocrx_word' id='word_1_78' title='bbox 156 1151 284 1226; x_wconf 82' lang='lat' dir='ltr'>Tarenti,</span> <span class='ocrx_word' id='word_1_79' title='bbox 305 1165 427 1224; x_wconf 90' lang='lat' dir='ltr'>quorum</span> <span class='ocrx_word' id='word_1_80' title='bbox 445 1151 475 1205; x_wconf 91' lang='lat' dir='ltr'>et</span> <span class='ocrx_word' id='word_1_81' title='bbox 493 1151 697 1208; x_wconf 81' lang='lat' dir='ltr'>amoenitatem</span> <span class='ocrx_word' id='word_1_82' title='bbox 713 1151 839 1207; x_wconf 87' lang='lat' dir='ltr'>laudet&#39;&#39;.</span> <span class='ocrx_word' id='word_1_83' title='bbox 859 1143 1019 1231; x_wconf 84' lang='lat' dir='ltr'>(Similiter</span> <span class='ocrx_word' id='word_1_84' title='bbox 1034 1153 1141 1228; x_wconf 84' lang='lat' dir='ltr'>Porplr.</span> 
     </span>
    </p>
   </div>
   <div class='ocr_carea' id='block_1_7' title="bbox 156 1233 1262 1326">
    <p class='ocr_par' dir='ltr' id='par_1_7' title="bbox 156 1233 1262 1326">
     <span class='ocr_line' id='line_1_11' title="bbox 156 1233 1262 1326; baseline 0.005 -28"><span class='ocrx_word' id='word_1_85' title='bbox 156 1245 187 1299; x_wconf 89' lang='lat' dir='ltr'>et</span> <span class='ocrx_word' id='word_1_86' title='bbox 206 1233 315 1324; x_wconf 86' lang='lat' dir='ltr'>Gruq.)</span> <span class='ocrx_word' id='word_1_87' title='bbox 358 1241 504 1313; x_wconf 83' lang='lat' dir='ltr'>Rectaque</span> <span class='ocrx_word' id='word_1_88' title='bbox 523 1241 698 1326; x_wconf 85' lang='lat' dir='ltr'>interpretes</span> <span class='ocrx_word' id='word_1_89' title='bbox 712 1240 837 1298; x_wconf 86' lang='lat' dir='ltr'>Daeerio</span> <span class='ocrx_word' id='word_1_90' title='bbox 850 1240 934 1298; x_wconf 87' lang='lat' dir='ltr'>diffisi</span> <span class='ocrx_word' id='word_1_91' title='bbox 947 1246 1015 1300; x_wconf 88' lang='lat' dir='ltr'>sunt</span> <span class='ocrx_word' id='word_1_92' title='bbox 1027 1261 1142 1303; x_wconf 86' lang='lat' dir='ltr'>carmen</span> <span class='ocrx_word' id='word_1_93' title='bbox 1260 1247 1262 1252; x_wconf 81' lang='grc'>’</span> 
     </span>
    </p>
   </div>
   <div class='ocr_carea' id='block_1_8' title="bbox 156 1330 1225 1590">
    <p class='ocr_par' dir='ltr' id='par_1_8' title="bbox 156 1330 1225 1590">
     <span class='ocr_line' id='line_1_12' title="bbox 156 1330 1142 1409; baseline 0.003 -20"><span class='ocrx_word' id='word_1_94' title='bbox 156 1349 231 1390; x_wconf 88' lang='lat' dir='ltr'>anno</span> <span class='ocrx_word' id='word_1_95' title='bbox 250 1332 313 1389; x_wconf 84' lang='grc'><strong>121.</strong></span> <span class='ocrx_word' id='word_1_96' title='bbox 333 1331 471 1406; x_wconf 86' lang='lat' dir='ltr'>seriptum</span> <span class='ocrx_word' id='word_1_97' title='bbox 489 1347 554 1386; x_wconf 88' lang='lat' dir='ltr'>esse</span> <span class='ocrx_word' id='word_1_98' title='bbox 573 1330 748 1404; x_wconf 80' lang='lat' dir='ltr'>conjicienti,</span> <span class='ocrx_word' id='word_1_99' title='bbox 768 1345 834 1386; x_wconf 88' lang='lat' dir='ltr'>eum</span> <span class='ocrx_word' id='word_1_100' title='bbox 852 1330 1007 1404; x_wconf 86' lang='lat' dir='ltr'>Septimius</span> <span class='ocrx_word' id='word_1_101' title='bbox 1026 1339 1142 1409; x_wconf 82' lang='lat' dir='ltr'>poetam</span> 
     </span>
     <span class='ocr_line' id='line_1_13' title="bbox 157 1419 1142 1498; baseline -0.006 -18"><span class='ocrx_word' id='word_1_102' title='bbox 157 1423 339 1498; x_wconf 82' lang='lat' dir='ltr'>invitaverit,</span> <span class='ocrx_word' id='word_1_103' title='bbox 365 1427 398 1478; x_wconf 86' lang='lat' dir='ltr'>ut</span> <span class='ocrx_word' id='word_1_104' title='bbox 423 1437 521 1478; x_wconf 90' lang='lat' dir='ltr'>seeum</span> <span class='ocrx_word' id='word_1_105' title='bbox 539 1422 703 1491; x_wconf 81' lang='lat' dir='ltr'>Augustum</span> <span class='ocrx_word' id='word_1_106' title='bbox 722 1419 874 1476; x_wconf 82' lang='lat' dir='ltr'>Cantabris</span> <span class='ocrx_word' id='word_1_107' title='bbox 892 1419 1000 1479; x_wconf 87' lang='lat' dir='ltr'>bellum</span> <span class='ocrx_word' id='word_1_108' title='bbox 1018 1425 1142 1484; x_wconf 69' lang='lat' dir='ltr'>interea.</span> 
     </span>
     <span class='ocr_line' id='line_1_14' title="bbox 157 1510 1225 1590; baseline -0.007 -19"><span class='ocrx_word' id='word_1_109' title='bbox 157 1517 217 1571; x_wconf 85' lang='lat' dir='ltr'>tem</span> <span class='ocrx_word' id='word_1_110' title='bbox 236 1511 428 1572; x_wconf 78' lang='lat' dir='ltr'>comitaretur.</span> <span class='ocrx_word' id='word_1_111' title='bbox 465 1513 596 1584; x_wconf 90' lang='lat' dir='ltr'>Namque</span> <span class='ocrx_word' id='word_1_112' title='bbox 614 1510 647 1566; x_wconf 90' lang='lat' dir='ltr'>id</span> <span class='ocrx_word' id='word_1_113' title='bbox 665 1511 803 1583; x_wconf 88' lang='lat' dir='ltr'>temporis</span> <span class='ocrx_word' id='word_1_114' title='bbox 820 1516 925 1586; x_wconf 83' lang='lat' dir='ltr'>nemo,</span> <span class='ocrx_word' id='word_1_115' title='bbox 941 1527 979 1572; x_wconf 82' lang='lat' dir='ltr'>ne</span> <span class='ocrx_word' id='word_1_116' title='bbox 996 1515 1061 1588; x_wconf 75' lang='lat' dir='ltr'>ipse</span> <span class='ocrx_word' id='word_1_117' title='bbox 1080 1517 1143 1590; x_wconf 79' lang='lat' dir='ltr'>qui.</span> <span class='ocrx_word' id='word_1_118' title='bbox 1223 1515 1225 1520; x_wconf 82' lang='grc'>’</span> 
     </span>
    </p>
   </div>
   <div class='ocr_carea' id='block_1_9' title="bbox 141 1598 1259 1685">
    <p class='ocr_par' dir='ltr' id='par_1_9' title="bbox 141 1598 1259 1685">
     <span class='ocr_line' id='line_1_15' title="bbox 141 1598 1259 1685; baseline 0.004 -25"><span class='ocrx_word' id='word_1_119' title='bbox 141 1602 225 1662; x_wconf 84' lang='lat' dir='ltr'>&#39;dem</span> <span class='ocrx_word' id='word_1_120' title='bbox 247 1606 412 1678; x_wconf 82' lang='lat' dir='ltr'>Augustus,</span> <span class='ocrx_word' id='word_1_121' title='bbox 441 1601 478 1658; x_wconf 78' lang='lat' dir='ltr'>&lt;le</span> <span class='ocrx_word' id='word_1_122' title='bbox 500 1601 708 1660; x_wconf 81' lang='lat' dir='ltr'>Cantabrorum</span> <span class='ocrx_word' id='word_1_123' title='bbox 730 1599 807 1657; x_wconf 87' lang='lat' dir='ltr'>bello</span> <span class='ocrx_word' id='word_1_124' title='bbox 831 1600 976 1670; x_wconf 82' lang='lat' dir='ltr'>cogitabat</span> <span class='ocrx_word' id='word_1_125' title='bbox 995 1598 1073 1685; x_wconf 90' lang='lat' dir='ltr'>(Dio</span> <span class='ocrx_word' id='word_1_126' title='bbox 1095 1607 1143 1684; x_wconf 84' lang='lat'>53,</span> <span class='ocrx_word' id='word_1_127' title='bbox 1254 1654 1259 1664; x_wconf 69' lang='lat'><strong>.</strong></span> 
     </span>
    </p>
   </div>
   <div class='ocr_carea' id='block_1_10' title="bbox 158 1691 1144 1776">
    <p class='ocr_par' dir='ltr' id='par_1_10' title="bbox 158 1691 1144 1776">
     <span class='ocr_line' id='line_1_16' title="bbox 158 1691 1144 1776; baseline -0.006 -24"><span class='ocrx_word' id='word_1_128' title='bbox 158 1695 195 1752; x_wconf 89' lang='grc'>22</span> <span class='ocrx_word' id='word_1_129' title='bbox 209 1693 280 1776; x_wconf 91' lang='lat' dir='ltr'>sq).</span> <span class='ocrx_word' id='word_1_130' title='bbox 305 1697 340 1752; x_wconf 83' lang='lat' dir='ltr'>of.</span> <span class='ocrx_word' id='word_1_131' title='bbox 365 1695 492 1750; x_wconf 85' lang='lat' dir='ltr'>Messon.</span> <span class='ocrx_word' id='word_1_132' title='bbox 497 1693 567 1764; x_wconf 90' lang='lat' dir='ltr'>vit.</span> <span class='ocrx_word' id='word_1_133' title='bbox 590 1693 660 1748; x_wconf 92' lang='lat' dir='ltr'>Hor.</span> <span class='ocrx_word' id='word_1_134' title='bbox 685 1708 713 1764; x_wconf 88' lang='lat' dir='ltr'>p</span> <span class='ocrx_word' id='word_1_135' title='bbox 738 1691 793 1748; x_wconf 84' lang='grc'>306</span> <span class='ocrx_word' id='word_1_136' title='bbox 819 1705 861 1762; x_wconf 86' lang='lat' dir='ltr'>sq</span> <span class='ocrx_word' id='word_1_137' title='bbox 886 1693 917 1747; x_wconf 87' lang='lat' dir='ltr'>et</span> <span class='ocrx_word' id='word_1_138' title='bbox 940 1693 1082 1754; x_wconf 84' lang='lat' dir='ltr'>Sanadon.</span> <span class='ocrx_word' id='word_1_139' title='bbox 1104 1727 1144 1746; x_wconf 84' lang='lat'>-.</span> 
     </span>
    </p>
   </div>
   <div class='ocr_carea' id='block_1_11' title="bbox 160 1779 1145 1951">
    <p class='ocr_par' dir='ltr' id='par_1_11' title="bbox 160 1779 1145 1951">
     <span class='ocr_line' id='line_1_17' title="bbox 160 1779 1145 1888; baseline 0.004 -46"><span class='ocrx_word' id='word_1_140' title='bbox 160 1787 312 1842; x_wconf 82' lang='lat' dir='ltr'>caeterum</span> <span class='ocrx_word' id='word_1_141' title='bbox 329 1784 444 1840; x_wconf 91' lang='lat' dir='ltr'>initium</span> <span class='ocrx_word' id='word_1_142' title='bbox 463 1782 596 1840; x_wconf 84' lang='lat' dir='ltr'>carminis</span> <span class='ocrx_word' id='word_1_143' title='bbox 620 1785 709 1855; x_wconf 86' lang='lat' dir='ltr'>poeta</span> <span class='ocrx_word' id='word_1_144' title='bbox 732 1779 834 1840; x_wconf 86' lang='lat' dir='ltr'>eadem</span> <span class='ocrx_word' id='word_1_145' title='bbox 857 1780 969 1840; x_wconf 88' lang='lat' dir='ltr'>ratione</span> <span class='ocrx_word' id='word_1_146' title='bbox 992 1785 1145 1888; x_wconf 83' lang='lat' dir='ltr'>scripsisse</span> 
     </span>
     <span class='ocr_line' id='line_1_18' title="bbox 162 1871 599 1951; baseline -0.016 -20"><span class='ocrx_word' id='word_1_147' title='bbox 162 1875 291 1951; x_wconf 86' lang='lat' dir='ltr'>videtur,</span> <span class='ocrx_word' id='word_1_148' title='bbox 310 1890 368 1947; x_wconf 92' lang='lat' dir='ltr'>qua</span> <span class='ocrx_word' id='word_1_149' title='bbox 386 1873 433 1931; x_wconf 88' lang='lat' dir='ltr'>od.</span> <span class='ocrx_word' id='word_1_150' title='bbox 453 1873 486 1947; x_wconf 87' lang='grc'>2,</span> <span class='ocrx_word' id='word_1_151' title='bbox 506 1872 533 1928; x_wconf 88' lang='grc'>2.</span> <span class='ocrx_word' id='word_1_152' title='bbox 554 1871 599 1928; x_wconf 81' lang='lat' dir='ltr'>lo.</span> 
     </span>
    </p>
   </div>
   <div class='ocr_carea' id='block_1_12' title="bbox 237 2001 1237 2140">
    <p class='ocr_par' dir='ltr' id='par_1_12' title="bbox 237 2001 1237 2140">
     <span class='ocr_line' id='line_1_19' title="bbox 237 2001 1237 2140; baseline 0.018 -31"><span class='ocrx_word' id='word_1_153' title='bbox 237 2053 417 2112; x_wconf 70' lang='lat' dir='ltr'>onim</span> <span class='ocrx_word' id='word_1_154' title='bbox 434 2053 531 2113; x_wconf 84' lang='lat' dir='ltr'>vn.</span> <span class='ocrx_word' id='word_1_155' title='bbox 549 2053 604 2132; x_wconf 78' lang='lat' dir='ltr'>„O</span> <span class='ocrx_word' id='word_1_156' title='bbox 623 2016 716 2129; x_wconf 80' lang='lat' dir='ltr'>saepe</span> <span class='ocrx_word' id='word_1_157' title='bbox 744 2053 882 2117; x_wconf 71' lang='lat' dir='ltr'>meeum’t</span> <span class='ocrx_word' id='word_1_158' title='bbox 911 2017 980 2116; x_wconf 80' lang='lat' dir='ltr'>non&#39;</span> <span class='ocrx_word' id='word_1_159' title='bbox 1000 2001 1145 2136; x_wconf 53' lang='lat' dir='ltr'>Percepit</span> <span class='ocrx_word' id='word_1_160' title='bbox 1183 2037 1194 2140; x_wconf 15' lang='grc' dir='ltr'>,Ι</span> <span class='ocrx_word' id='word_1_161' title='bbox 1233 2084 1237 2090; x_wconf 66' lang='grc'><strong><em>’</em></strong></span> 
     </span>
    </p>
   </div>
   <div class='ocr_carea' id='block_1_13' title="bbox 142 2139 1149 2494">
    <p class='ocr_par' dir='ltr' id='par_1_13' title="bbox 142 2139 1149 2494">
     <span class='ocr_line' id='line_1_20' title="bbox 163 2139 1146 2231; baseline 0.003 -25"><span class='ocrx_word' id='word_1_162' title='bbox 163 2147 300 2222; x_wconf 75' lang='lat' dir='ltr'>Grospho</span> <span class='ocrx_word' id='word_1_163' title='bbox 317 2150 418 2208; x_wconf 76' lang='lat' dir='ltr'>Siculo</span> <span class='ocrx_word' id='word_1_164' title='bbox 437 2139 545 2228; x_wconf 86' lang='lat' dir='ltr'>(epist.</span> <span class='ocrx_word' id='word_1_165' title='bbox 565 2148 598 2222; x_wconf 94' lang='lat' dir='ltr'>l,</span> <span class='ocrx_word' id='word_1_166' title='bbox 619 2147 664 2204; x_wconf 95' lang='grc'>12.</span> <span class='ocrx_word' id='word_1_167' title='bbox 683 2147 729 2204; x_wconf 89' lang='grc'>21.</span> <span class='ocrx_word' id='word_1_168' title='bbox 749 2151 779 2204; x_wconf 89' lang='lat' dir='ltr'>et</span> <span class='ocrx_word' id='word_1_169' title='bbox 797 2148 844 2207; x_wconf 89' lang='lat' dir='ltr'>od.</span> <span class='ocrx_word' id='word_1_170' title='bbox 862 2151 890 2226; x_wconf 85' lang='lat'>2,</span> <span class='ocrx_word' id='word_1_171' title='bbox 911 2144 978 2231; x_wconf 89' lang='grc'><strong>16.)</strong></span> <span class='ocrx_word' id='word_1_172' title='bbox 992 2151 1146 2230; x_wconf 79' lang='lat' dir='ltr'>seriptum,-</span> 
     </span>
     <span class='ocr_line' id='line_1_21' title="bbox 142 2237 1147 2314; baseline 0.006 -20"><span class='ocrx_word' id='word_1_173' title='bbox 142 2243 195 2294; x_wconf 56' lang='grc' dir='ltr'>Αιιι</span> <span class='ocrx_word' id='word_1_174' title='bbox 218 2242 285 2312; x_wconf 88' lang='lat' dir='ltr'>post</span> <span class='ocrx_word' id='word_1_175' title='bbox 310 2239 492 2298; x_wconf 85' lang='lat' dir='ltr'>Sanadonum</span> <span class='ocrx_word' id='word_1_176' title='bbox 515 2239 600 2309; x_wconf 82' lang='lat' dir='ltr'>longe</span> <span class='ocrx_word' id='word_1_177' title='bbox 625 2237 717 2310; x_wconf 89' lang='lat' dir='ltr'>major</span> <span class='ocrx_word' id='word_1_178' title='bbox 739 2237 930 2312; x_wconf 84' lang='lat' dir='ltr'>interpretum</span> <span class='ocrx_word' id='word_1_179' title='bbox 954 2257 1021 2314; x_wconf 87' lang='lat' dir='ltr'>pars</span> <span class='ocrx_word' id='word_1_180' title='bbox 1046 2247 1147 2306; x_wconf 71' lang='lat' dir='ltr'>corba</span> 
     </span>
     <span class='ocr_line' id='line_1_22' title="bbox 162 2317 1146 2410; baseline 0.004 -24"><span class='ocrx_word' id='word_1_181' title='bbox 162 2331 364 2389; x_wconf 86' lang='lat' dir='ltr'>auctoritatem</span> <span class='ocrx_word' id='word_1_182' title='bbox 392 2317 615 2388; x_wconf 87' lang='lat' dir='ltr'>Scholiastarum</span> <span class='ocrx_word' id='word_1_183' title='bbox 643 2331 674 2385; x_wconf 91' lang='lat' dir='ltr'>et</span> <span class='ocrx_word' id='word_1_184' title='bbox 700 2329 886 2400; x_wconf 88' lang='lat' dir='ltr'>plurimarum</span> <span class='ocrx_word' id='word_1_185' title='bbox 916 2331 1146 2410; x_wconf 86' lang='lat' dir='ltr'>inscriptionum,</span> 
     </span>
     <span class='ocr_line' id='line_1_23' title="bbox 163 2419 1149 2494; baseline 0.004 -18"><span class='ocrx_word' id='word_1_186' title='bbox 163 2435 238 2492; x_wconf 89' lang='lat' dir='ltr'>quae</span> <span class='ocrx_word' id='word_1_187' title='bbox 256 2421 288 2476; x_wconf 93' lang='lat' dir='ltr'>in</span> <span class='ocrx_word' id='word_1_188' title='bbox 305 2423 376 2478; x_wconf 88' lang='lat' dir='ltr'>vett.</span> <span class='ocrx_word' id='word_1_189' title='bbox 395 2421 460 2476; x_wconf 91' lang='lat' dir='ltr'>libr.</span> <span class='ocrx_word' id='word_1_190' title='bbox 479 2435 563 2476; x_wconf 86' lang='lat' dir='ltr'>mser.</span> <span class='ocrx_word' id='word_1_191' title='bbox 582 2419 744 2493; x_wconf 87' lang='lat' dir='ltr'>habentur,</span> <span class='ocrx_word' id='word_1_192' title='bbox 763 2421 873 2494; x_wconf 85' lang='lat' dir='ltr'>statuit,</span> <span class='ocrx_word' id='word_1_193' title='bbox 894 2423 981 2478; x_wconf 86' lang='lat' dir='ltr'>etiam</span> <span class='ocrx_word' id='word_1_194' title='bbox 993 2422 1149 2480; x_wconf 80' lang='lat' dir='ltr'>Passeriu&#39;s</span> 
     </span>
    </p>
   </div>
   <div class='ocr_carea' id='block_1_14' title="bbox 37 2506 1147 2590">
    <p class='ocr_par' dir='ltr' id='par_1_14' title="bbox 37 2506 1147 2590">
     <span class='ocr_line' id='line_1_24' title="bbox 37 2506 1147 2590; baseline 0.005 -27"><span class='ocrx_word' id='word_1_195' title='bbox 37 2565 41 2572; x_wconf 73' lang='grc'><strong>,</strong></span> <span class='ocrx_word' id='word_1_196' title='bbox 63 2542 66 2547; x_wconf 97' lang='grc'>-</span> <span class='ocrx_word' id='word_1_197' title='bbox 149 2513 224 2580; x_wconf 85' lang='lat' dir='ltr'>not.</span> <span class='ocrx_word' id='word_1_198' title='bbox 245 2510 309 2565; x_wconf 89' lang='grc'>101.</span> <span class='ocrx_word' id='word_1_199' title='bbox 328 2513 359 2566; x_wconf 86' lang='lat' dir='ltr'>et</span> <span class='ocrx_word' id='word_1_200' title='bbox 378 2511 488 2568; x_wconf 85' lang='lat' dir='ltr'>Grotef.</span> <span class='ocrx_word' id='word_1_201' title='bbox 506 2525 535 2580; x_wconf 90' lang='lat' dir='ltr'>p.</span> <span class='ocrx_word' id='word_1_202' title='bbox 556 2508 637 2582; x_wconf 81' lang='lat'><strong>460.;</strong></span> <span class='ocrx_word' id='word_1_203' title='bbox 664 2506 716 2561; x_wconf 88' lang='lat' dir='ltr'>sed</span> <span class='ocrx_word' id='word_1_204' title='bbox 733 2507 876 2578; x_wconf 83' lang='lat' dir='ltr'>Pompejo</span> <span class='ocrx_word' id='word_1_205' title='bbox 896 2509 977 2568; x_wconf 83' lang='lat' dir='ltr'>Vara</span> <span class='ocrx_word' id='word_1_206' title='bbox 995 2509 1075 2570; x_wconf 78' lang='lat' dir='ltr'>Italo</span> <span class='ocrx_word' id='word_1_207' title='bbox 1093 2506 1147 2590; x_wconf 70' lang='lat' dir='ltr'>(ab</span> 
     </span>
    </p>
   </div>
   <div class='ocr_carea' id='block_1_15' title="bbox 163 2596 1152 2769">
    <p class='ocr_par' dir='ltr' id='par_1_15' title="bbox 163 2596 1152 2769">
     <span class='ocr_line' id='line_1_25' title="bbox 163 2596 1148 2670; baseline 0.002 -13"><span class='ocrx_word' id='word_1_208' title='bbox 163 2599 308 2657; x_wconf 84' lang='lat' dir='ltr'>Venderb.</span> <span class='ocrx_word' id='word_1_209' title='bbox 333 2601 403 2654; x_wconf 85' lang='lat' dir='ltr'>tom.</span> <span class='ocrx_word' id='word_1_210' title='bbox 426 2598 449 2653; x_wconf 94' lang='lat' dir='ltr'>I.</span> <span class='ocrx_word' id='word_1_211' title='bbox 476 2613 504 2670; x_wconf 92' lang='lat' dir='ltr'>p.</span> <span class='ocrx_word' id='word_1_212' title='bbox 530 2597 585 2652; x_wconf 83' lang='grc'>364</span> <span class='ocrx_word' id='word_1_213' title='bbox 611 2611 653 2668; x_wconf 90' lang='lat' dir='ltr'>sq.</span> <span class='ocrx_word' id='word_1_214' title='bbox 680 2597 710 2650; x_wconf 88' lang='lat' dir='ltr'>et</span> <span class='ocrx_word' id='word_1_215' title='bbox 734 2596 845 2652; x_wconf 86' lang='lat' dir='ltr'>Weieh.</span> <span class='ocrx_word' id='word_1_216' title='bbox 872 2597 907 2653; x_wconf 83' lang='lat' dir='ltr'>tle</span> <span class='ocrx_word' id='word_1_217' title='bbox 926 2601 993 2656; x_wconf 79' lang='lat' dir='ltr'>Ver.</span> <span class='ocrx_word' id='word_1_218' title='bbox 1018 2605 1048 2657; x_wconf 89' lang='lat' dir='ltr'>et</span> <span class='ocrx_word' id='word_1_219' title='bbox 1068 2601 1148 2659; x_wconf 76' lang='lat' dir='ltr'>Casa·</span> 
     </span>
     <span class='ocr_line' id='line_1_26' title="bbox 164 2682 1152 2769; baseline 0.005 -24"><span class='ocrx_word' id='word_1_220' title='bbox 164 2708 193 2764; x_wconf 88' lang='lat' dir='ltr'>p.</span> <span class='ocrx_word' id='word_1_221' title='bbox 215 2689 271 2746; x_wconf 82' lang='lat'>136</span> <span class='ocrx_word' id='word_1_222' title='bbox 289 2682 355 2769; x_wconf 90' lang='lat' dir='ltr'>sq.)</span> <span class='ocrx_word' id='word_1_223' title='bbox 380 2688 508 2746; x_wconf 86' lang='lat' dir='ltr'>unanimi</span> <span class='ocrx_word' id='word_1_224' title='bbox 534 2703 603 2746; x_wconf 86' lang='lat' dir='ltr'>roca</span> <span class='ocrx_word' id='word_1_225' title='bbox 627 2688 756 2742; x_wconf 80' lang='lat' dir='ltr'>referum</span> <span class='ocrx_word' id='word_1_226' title='bbox 781 2685 818 2742; x_wconf 82' lang='lat' dir='ltr'>atl</span> <span class='ocrx_word' id='word_1_227' title='bbox 843 2703 868 2743; x_wconf 90' lang='lat' dir='ltr'>a.</span> <span class='ocrx_word' id='word_1_228' title='bbox 889 2687 969 2766; x_wconf 60' lang='lat'>7155,</span> <span class='ocrx_word' id='word_1_229' title='bbox 995 2691 1055 2765; x_wconf 72' lang='lat' dir='ltr'>quo‘</span> <span class='ocrx_word' id='word_1_230' title='bbox 1077 2685 1152 2766; x_wconf 76' lang='lat' dir='ltr'>paee</span> 
     </span>
    </p>
   </div>
   <div class='ocr_carea' id='block_1_16' title="bbox 165 2769 1253 2853">
    <p class='ocr_par' dir='ltr' id='par_1_16' title="bbox 165 2769 1253 2853">
     <span class='ocr_line' id='line_1_27' title="bbox 165 2769 1253 2853; baseline 0.004 -16"><span class='ocrx_word' id='word_1_231' title='bbox 165 2795 232 2838; x_wconf 88' lang='lat' dir='ltr'>cum</span> <span class='ocrx_word' id='word_1_232' title='bbox 250 2780 317 2836; x_wconf 85' lang='lat' dir='ltr'>Sex.</span> <span class='ocrx_word' id='word_1_233' title='bbox 334 2778 474 2853; x_wconf 84' lang='lat' dir='ltr'>Pompejo</span> <span class='ocrx_word' id='word_1_234' title='bbox 491 2777 567 2836; x_wconf 84' lang='lat' dir='ltr'>circa</span> <span class='ocrx_word' id='word_1_235' title='bbox 578 2777 724 2834; x_wconf 84' lang='lat' dir='ltr'>Misenum</span> <span class='ocrx_word' id='word_1_236' title='bbox 741 2778 817 2834; x_wconf 88' lang='lat' dir='ltr'>facta</span> <span class='ocrx_word' id='word_1_237' title='bbox 829 2781 1003 2853; x_wconf 86' lang='lat' dir='ltr'>proscriptis·</span> <span class='ocrx_word' id='word_1_238' title='bbox 1016 2773 1152 2840; x_wconf 76' lang='lat' dir='ltr'>omnibns</span> <span class='ocrx_word' id='word_1_239' title='bbox 1245 2769 1253 2788; x_wconf 75' lang='lat'><em>¹</em></span> 
     </span>
    </p>
   </div>
   <div class='ocr_carea' id='block_1_17' title="bbox 165 2861 1150 2952">
    <p class='ocr_par' dir='ltr' id='par_1_17' title="bbox 165 2861 1150 2952">
     <span class='ocr_line' id='line_1_28' title="bbox 165 2861 1150 2952; baseline 0.004 -26"><span class='ocrx_word' id='word_1_240' title='bbox 165 2871 307 2934; x_wconf 80' lang='lat' dir='ltr'>redeundi</span> <span class='ocrx_word' id='word_1_241' title='bbox 325 2869 482 2944; x_wconf 86' lang='lat' dir='ltr'>impunitas</span> <span class='ocrx_word' id='word_1_242' title='bbox 502 2869 570 2926; x_wconf 88' lang='lat' dir='ltr'>data</span> <span class='ocrx_word' id='word_1_243' title='bbox 588 2871 633 2924; x_wconf 87' lang='lat' dir='ltr'>est</span> <span class='ocrx_word' id='word_1_244' title='bbox 645 2861 718 2944; x_wconf 89' lang='lat' dir='ltr'>(Dio</span> <span class='ocrx_word' id='word_1_245' title='bbox 731 2867 778 2944; x_wconf 85' lang='grc'>48,</span> <span class='ocrx_word' id='word_1_246' title='bbox 797 2868 843 2925; x_wconf 85' lang='grc'>36.</span> <span class='ocrx_word' id='word_1_247' title='bbox 862 2871 934 2928; x_wconf 88' lang='lat' dir='ltr'>Vell.</span> <span class='ocrx_word' id='word_1_248' title='bbox 947 2871 975 2947; x_wconf 90' lang='grc'>2,</span> <span class='ocrx_word' id='word_1_249' title='bbox 994 2865 1068 2952; x_wconf 63' lang='grc' dir='ltr'><strong>ιι).</strong></span> <span class='ocrx_word' id='word_1_250' title='bbox 1096 2869 1150 2930; x_wconf 81' lang='lat' dir='ltr'>’Ita</span> 
     </span>
    </p>
   </div>
   <div class='ocr_carea' id='block_1_18' title="bbox 132 2949 1284 3042">
    <p class='ocr_par' dir='ltr' id='par_1_18' title="bbox 132 2919 1380 3048">
     <span class='ocr_line' id='line_1_29' title="bbox 132 2949 1284 3042; baseline -0.012 21"><span class='ocrx_word' id='word_1_251' title='bbox 132 2956 143 2974; x_wconf 70' lang='lat'><strong>.</strong></span> <span class='ocrx_word' id='word_1_252' title='bbox 165 2963 306 3042; x_wconf 60' lang='lat' dir='ltr'>Mat⁵⁰¹¹⁰</span> <span class='ocrx_word' id='word_1_253' title='bbox 338 2956 411 3038; x_wconf 78' lang='lat' dir='ltr'>(vit.</span> <span class='ocrx_word' id='word_1_254' title='bbox 430 2949 511 3016; x_wconf 56' lang='grc' dir='ltr'>Ἠοῖ·</span> <span class='ocrx_word' id='word_1_255' title='bbox 551 2971 580 3032; x_wconf 76' lang='grc' dir='ltr'>Ρ·</span> <span class='ocrx_word' id='word_1_256' title='bbox 608 2958 645 3015; x_wconf 79' lang='lat'>88</span> <span class='ocrx_word' id='word_1_257' title='bbox 669 2952 736 3039; x_wconf 72' lang='grc' dir='ltr'>ιι)</span> <span class='ocrx_word' id='word_1_258' title='bbox 776 2949 849 3016; x_wconf 68' lang='lat' dir='ltr'>aaa</span> <span class='ocrx_word' id='word_1_259' title='bbox 882 2964 944 3020; x_wconf 79' lang='lat' dir='ltr'>tum</span> <span class='ocrx_word' id='word_1_260' title='bbox 976 2956 1169 3036; x_wconf 63' lang='lat' dir='ltr'>miserear</span> <span class='ocrx_word' id='word_1_261' title='bbox 1280 2987 1284 2994; x_wconf 55' lang='lat'><em>⁴</em></span> 
     </span>
    </p>
   </div>
   <div class='ocr_carea' id='block_1_19' title="bbox 167 3047 1151 3132">
    <p class='ocr_par' dir='ltr' id='par_1_19' title="bbox 167 3047 1151 3132">
     <span class='ocr_line' id='line_1_30' title="bbox 167 3047 1151 3132; baseline 0 -22"><span class='ocrx_word' id='word_1_262' title='bbox 167 3067 268 3110; x_wconf 89' lang='lat' dir='ltr'>omnes</span> <span class='ocrx_word' id='word_1_263' title='bbox 287 3053 350 3106; x_wconf 89' lang='lat' dir='ltr'>tum</span> <span class='ocrx_word' id='word_1_264' title='bbox 366 3049 479 3108; x_wconf 83' lang='lat' dir='ltr'>Weich.</span> <span class='ocrx_word' id='word_1_265' title='bbox 500 3050 536 3105; x_wconf 90' lang='lat' dir='ltr'>de</span> <span class='ocrx_word' id='word_1_266' title='bbox 556 3051 622 3108; x_wconf 85' lang='lat' dir='ltr'>Ver.</span> <span class='ocrx_word' id='word_1_267' title='bbox 642 3053 673 3105; x_wconf 91' lang='lat' dir='ltr'>et</span> <span class='ocrx_word' id='word_1_268' title='bbox 691 3051 771 3132; x_wconf 79' lang='lat' dir='ltr'>Cass.</span> <span class='ocrx_word' id='word_1_269' title='bbox 790 3067 819 3122; x_wconf 92' lang='lat' dir='ltr'>p.</span> <span class='ocrx_word' id='word_1_270' title='bbox 841 3051 921 3126; x_wconf 56' lang='lat'>1381,</span> <span class='ocrx_word' id='word_1_271' title='bbox 952 3052 1095 3110; x_wconf 87' lang='lat' dir='ltr'>Obbarius</span> <span class='ocrx_word' id='word_1_272' title='bbox 1110 3047 1151 3110; x_wconf 72' lang='lat' dir='ltr'>rii</span> 
     </span>
    </p>
   </div>
   <div class='ocr_carea' id='block_1_20' title="bbox 167 3135 1242 3216">
    <p class='ocr_par' dir='ltr' id='par_1_20' title="bbox 167 3135 1242 3216">
     <span class='ocr_line' id='line_1_31' title="bbox 167 3135 1242 3216; baseline -0.007 -15"><span class='ocrx_word' id='word_1_273' title='bbox 167 3142 251 3202; x_wconf 90' lang='lat' dir='ltr'>Seeb.</span> <span class='ocrx_word' id='word_1_274' title='bbox 275 3141 359 3200; x_wconf 89' lang='lat' dir='ltr'>Jahn.</span> <span class='ocrx_word' id='word_1_275' title='bbox 385 3145 415 3197; x_wconf 89' lang='lat' dir='ltr'>et</span> <span class='ocrx_word' id='word_1_276' title='bbox 438 3141 531 3213; x_wconf 78' lang='lat' dir='ltr'>Klotz.</span> <span class='ocrx_word' id='word_1_277' title='bbox 550 3139 644 3196; x_wconf 83' lang='lat' dir='ltr'>annal</span> <span class='ocrx_word' id='word_1_278' title='bbox 664 3139 720 3195; x_wconf 81' lang='lat' dir='ltr'>vol.</span> <span class='ocrx_word' id='word_1_279' title='bbox 747 3139 791 3195; x_wconf 91' lang='grc'>16.</span> <span class='ocrx_word' id='word_1_280' title='bbox 811 3141 922 3216; x_wconf 85' lang='lat' dir='ltr'>p..50.,</span> <span class='ocrx_word' id='word_1_281' title='bbox 948 3143 979 3197; x_wconf 89' lang='lat' dir='ltr'>et</span> <span class='ocrx_word' id='word_1_282' title='bbox 1002 3135 1154 3202; x_wconf 76' lang='grc' dir='ltr'>Κιισιιιιιι.Ι</span> <span class='ocrx_word' id='word_1_283' title='bbox 1240 3185 1242 3193; x_wconf 85' lang='grc'><strong>.</strong></span> 
     </span>
    </p>
   </div>
   <div class='ocr_carea' id='block_1_21' title="bbox 92 3226 1198 3669">
    <p class='ocr_par' dir='ltr' id='par_1_21' title="bbox 92 3226 1198 3669">
     <span class='ocr_line' id='line_1_32' title="bbox 167 3226 1156 3310; baseline 0.001 -19"><span class='ocrx_word' id='word_1_284' title='bbox 167 3235 200 3302; x_wconf 83' lang='grc' dir='ltr'>ιιι</span> <span class='ocrx_word' id='word_1_285' title='bbox 218 3235 338 3308; x_wconf 86' lang='lat' dir='ltr'>quaest.</span> <span class='ocrx_word' id='word_1_286' title='bbox 361 3249 390 3305; x_wconf 91' lang='lat' dir='ltr'>p.</span> <span class='ocrx_word' id='word_1_287' title='bbox 416 3232 443 3288; x_wconf 84' lang='lat'>5.</span> <span class='ocrx_word' id='word_1_288' title='bbox 469 3228 497 3308; x_wconf 63' lang='grc' dir='ltr'><strong>ς.</strong></span> <span class='ocrx_word' id='word_1_289' title='bbox 522 3231 549 3286; x_wconf 84' lang='grc'>3.</span> <span class='ocrx_word' id='word_1_290' title='bbox 575 3247 603 3303; x_wconf 87' lang='lat' dir='ltr'>p.</span> <span class='ocrx_word' id='word_1_291' title='bbox 631 3229 658 3286; x_wconf 84' lang='grc'><strong>6.</strong></span> <span class='ocrx_word' id='word_1_292' title='bbox 682 3226 710 3306; x_wconf 65' lang='grc' dir='ltr'><strong>ξ.</strong></span> <span class='ocrx_word' id='word_1_293' title='bbox 726 3229 774 3286; x_wconf 85' lang='grc'><strong>18.</strong></span> <span class='ocrx_word' id='word_1_294' title='bbox 794 3227 937 3308; x_wconf 64' lang='grc' dir='ltr'><strong>ρ.,31.,ἕ.</strong></span> <span class='ocrx_word' id='word_1_295' title='bbox 956 3227 1156 3310; x_wconf 72' lang='lat' dir='ltr'>58.,‘·=eamqas</span> 
     </span>
     <span class='ocr_line' id='line_1_33' title="bbox 168 3321 1153 3404; baseline -0.002 -20"><span class='ocrx_word' id='word_1_296' title='bbox 168 3326 311 3404; x_wconf 87' lang='lat' dir='ltr'>rationem</span> <span class='ocrx_word' id='word_1_297' title='bbox 328 3326 389 3378; x_wconf 86' lang='lat' dir='ltr'>tam</span> <span class='ocrx_word' id='word_1_298' title='bbox 407 3324 514 3378; x_wconf 83' lang='lat' dir='ltr'>certam</span> <span class='ocrx_word' id='word_1_299' title='bbox 539 3321 772 3395; x_wconf 83' lang='lat' dir='ltr'>exploratamque</span> <span class='ocrx_word' id='word_1_300' title='bbox 784 3368 787 3376; x_wconf 91' lang='lat'><strong>.</strong></span> <span class='ocrx_word' id='word_1_301' title='bbox 797 3321 921 3398; x_wconf 86' lang='lat' dir='ltr'>habent,</span> <span class='ocrx_word' id='word_1_302' title='bbox 934 3321 1153 3396; x_wconf 64' lang='lat' dir='ltr'>bt‘praelracte</span> 
     </span>
     <span class='ocr_line' id='line_1_34' title="bbox 169 3410 1154 3489; baseline -0.002 -17"><span class='ocrx_word' id='word_1_303' title='bbox 169 3417 262 3489; x_wconf 80' lang='lat' dir='ltr'>pae‘ne</span> <span class='ocrx_word' id='word_1_304' title='bbox 280 3415 388 3484; x_wconf 85' lang='lat' dir='ltr'>negent</span> <span class='ocrx_word' id='word_1_305' title='bbox 406 3410 610 3485; x_wconf 73' lang='lat' dir='ltr'>aliotempore</span> <span class='ocrx_word' id='word_1_306' title='bbox 629 3412 743 3470; x_wconf 86' lang='lat' dir='ltr'>Horatii</span> <span class='ocrx_word' id='word_1_307' title='bbox 761 3411 884 3468; x_wconf 85' lang='lat' dir='ltr'>amicum</span> <span class='ocrx_word' id='word_1_308' title='bbox 894 3414 1154 3489; x_wconf 75' lang='lat' dir='ltr'>Ramanripotuisse</span> 
     </span>
     <span class='ocr_line' id='line_1_35' title="bbox 92 3497 1198 3580; baseline -0.001 -18"><span class='ocrx_word' id='word_1_309' title='bbox 92 3497 93 3504; x_wconf 57' lang='lat'><em>&#39;</em></span> <span class='ocrx_word' id='word_1_310' title='bbox 121 3533 122 3540; x_wconf 34' lang='grc' dir='ltr'><strong>ι</strong></span> <span class='ocrx_word' id='word_1_311' title='bbox 141 3563 144 3569; x_wconf 22' lang='lat'><strong>⁴</strong></span> <span class='ocrx_word' id='word_1_312' title='bbox 170 3505 274 3562; x_wconf 84' lang='lat' dir='ltr'>redire.</span> <span class='ocrx_word' id='word_1_313' title='bbox 312 3503 410 3570; x_wconf 82' lang='lat' dir='ltr'>Eheu!</span> <span class='ocrx_word' id='word_1_314' title='bbox 449 3503 557 3579; x_wconf 38' lang='lat' dir='ltr'>Omnia,</span> <span class='ocrx_word' id='word_1_315' title='bbox 570 3503 701 3560; x_wconf 86' lang='lat' dir='ltr'>nituntur</span> <span class='ocrx_word' id='word_1_316' title='bbox 719 3503 848 3560; x_wconf 83' lang='lat' dir='ltr'>Messeni</span> <span class='ocrx_word' id='word_1_317' title='bbox 867 3501 1046 3580; x_wconf 78' lang='lat' dir='ltr'>conjectura,</span> <span class='ocrx_word' id='word_1_318' title='bbox 1071 3503 1156 3561; x_wconf 72' lang='lat' dir='ltr'>acea</span> <span class='ocrx_word' id='word_1_319' title='bbox 1195 3573 1198 3578; x_wconf 28' lang='grc' dir='ltr'>Ι</span> 
     </span>
     <span class='ocr_line' id='line_1_36' title="bbox 171 3587 1158 3669; baseline 0 -19"><span class='ocrx_word' id='word_1_320' title='bbox 171 3610 273 3666; x_wconf 88' lang='lat' dir='ltr'>parum</span> <span class='ocrx_word' id='word_1_321' title='bbox 291 3593 444 3669; x_wconf 82' lang='lat' dir='ltr'>probabili.</span> <span class='ocrx_word' id='word_1_322' title='bbox 480 3594 547 3651; x_wconf 94' lang='lat' dir='ltr'>Non</span> <span class='ocrx_word' id='word_1_323' title='bbox 565 3609 674 3669; x_wconf 89' lang='lat' dir='ltr'>premo,</span> <span class='ocrx_word' id='word_1_324' title='bbox 690 3591 844 3650; x_wconf 82' lang='lat' dir='ltr'>Horatium</span> <span class='ocrx_word' id='word_1_325' title='bbox 861 3599 928 3652; x_wconf 86' lang='lat' dir='ltr'>ante</span> <span class='ocrx_word' id='word_1_326' title='bbox 940 3603 1064 3669; x_wconf 83' lang='lat' dir='ltr'>pugnam</span> <span class='ocrx_word' id='word_1_327' title='bbox 1075 3587 1158 3650; x_wconf 63' lang='lat' dir='ltr'>aare</span> 
     </span>
    </p>
   </div>
   <div class='ocr_carea' id='block_1_22' title="bbox 91 3677 1231 3757">
    <p class='ocr_par' dir='ltr' id='par_1_22' title="bbox 91 3677 1231 3757">
     <span class='ocr_line' id='line_1_37' title="bbox 91 3677 1231 3757; baseline -0.004 -13"><span class='ocrx_word' id='word_1_328' title='bbox 91 3719 96 3722; x_wconf 91' lang='lat'><em>-</em></span> <span class='ocrx_word' id='word_1_329' title='bbox 173 3699 254 3744; x_wconf 77' lang='lat' dir='ltr'>acam</span> <span class='ocrx_word' id='word_1_330' title='bbox 271 3685 361 3756; x_wconf 82' lang='lat' dir='ltr'>lynea</span> <span class='ocrx_word' id='word_1_331' title='bbox 378 3700 437 3742; x_wconf 90' lang='lat' dir='ltr'>non</span> <span class='ocrx_word' id='word_1_332' title='bbox 455 3683 586 3754; x_wconf 82' lang='lat' dir='ltr'>attigisse</span> <span class='ocrx_word' id='word_1_333' title='bbox 604 3713 645 3726; x_wconf 85' lang='lat'>·-</span> <span class='ocrx_word' id='word_1_334' title='bbox 661 3698 734 3756; x_wconf 88' lang='lat' dir='ltr'>quae</span> <span class='ocrx_word' id='word_1_335' title='bbox 761 3685 904 3742; x_wconf 81' lang='lat' dir='ltr'>sententia</span> <span class='ocrx_word' id='word_1_336' title='bbox 921 3685 982 3742; x_wconf 89' lang='lat' dir='ltr'>hoe</span> <span class='ocrx_word' id='word_1_337' title='bbox 1005 3677 1104 3757; x_wconf 78' lang='lat' dir='ltr'>ipso</span> <span class='ocrx_word' id='word_1_338' title='bbox 1090 3697 1158 3740; x_wconf 82' lang='lat' dir='ltr'>ear-</span> <span class='ocrx_word' id='word_1_339' title='bbox 1228 3693 1231 3696; x_wconf 84' lang='grc'><em>“</em></span> 
     </span>
    </p>
   </div>
   <div class='ocr_carea' id='block_1_23' title="bbox 172 3769 1211 3920">
    <p class='ocr_par' dir='ltr' id='par_1_23' title="bbox 172 3769 1211 3920">
     <span class='ocr_line' id='line_1_38' title="bbox 172 3769 1211 3919; baseline 0.009 -90"><span class='ocrx_word' id='word_1_340' title='bbox 172 3772 250 3830; x_wconf 88' lang='lat' dir='ltr'>mine</span> <span class='ocrx_word' id='word_1_341' title='bbox 256 3776 527 3848; x_wconf 82' lang='lat' dir='ltr'>reprobaretur-</span> <span class='ocrx_word' id='word_1_342' title='bbox 534 3771 655 3844; x_wconf 73' lang='lat' dir='ltr'>atsere</span> <span class='ocrx_word' id='word_1_343' title='bbox 669 3773 830 3848; x_wconf 79' lang='lat' dir='ltr'>mentoque</span> <span class='ocrx_word' id='word_1_344' title='bbox 825 3773 995 3919; x_wconf 57' lang='lat' dir='ltr'>mmtorzm</span> <span class='ocrx_word' id='word_1_345' title='bbox 1014 3787 1068 3850; x_wconf 85' lang='lat' dir='ltr'>eo,</span> <span class='ocrx_word' id='word_1_346' title='bbox 1078 3769 1156 3875; x_wconf 72' lang='lat' dir='ltr'>quod</span> <span class='ocrx_word' id='word_1_347' title='bbox 1208 3777 1211 3784; x_wconf 79' lang='grc'><strong>”</strong></span> 
     </span>
     <span class='ocr_line' id='line_1_39' title="bbox 925 3864 1076 3920; baseline 0.02 -12"><span class='ocrx_word' id='word_1_348' title='bbox 925 3864 939 3920; x_wconf 87' lang='lat'><em>1</em></span> <span class='ocrx_word' id='word_1_349' title='bbox 1073 3905 1076 3911; x_wconf 83' lang='grc'><strong>.</strong></span> 
     </span>
    </p>
   </div>
   <div class='ocr_carea' id='block_1_24' title="bbox 0 0 1418 4582">
    <p class='ocr_par' dir='ltr' id='par_1_24' title="bbox 0 0 1418 4582">
     <span class='ocr_line' id='line_1_40' title="bbox 0 0 1418 4582; baseline 0 0"><span class='ocrx_word' id='word_1_350' title='bbox 0 0 1418 4582; x_wconf 95' lang='lat' dir='ltr'> </span> 
     </span>
    </p>
   </div>
  </div>
 </body>
</html>
