2776 4582
249 368 259 382 .«
630 311 671 330 ''-
712 275 756 343 98
795 303 838 327 ’.ῃ

248 440 350 504 ἔπειτα
373 434 407 502 δὲ
431 441 480 500 rot
497 433 537 503 δι’
556 434 708 522 accam).
746 441 875 504 Tandem
892 442 1013 500 Octavia
1031 443 1228 506 mtereedoutu

161 605 165 612 ¹
227 583 231 594 .
247 533 380 594 effectum
398 534 459 607 est,
478 534 515 588 ut·
530 531 717 604 imperatores
726 532 886 596 Tarentum
896 533 972 590 inter
987 531 1017 594 et
1029 535 1227 608 Metapontum

247 623 394 694 congressi
416 622 448 678 in
472 621 592 693 gratiam
616 623 751 682 redirent.
797 625 903 682 caesar
928 622 1001 682 duas
1022 624 1151 702 legiones
1168 625 1227 684 lta·

192 756 195 763 .
247 713 318 774 lieas
335 712 463 800 Antonio
482 713 519 770 ad
537 712 644 772 bellum
662 713 840 789 Parthicum,
865 713 1008 776 Antonius
1028 711 1154 774 Caesari
1171 715 1227 772 100

247 819 336 863 naves
354 805 492 864 rostratas
517 803 614 866 tradit.
652 803 776 864 Deinde.
790 805 896 865 abeunt
920 808 1072 879 prorogato
1098 806 1227 862 triumvi-

246 897 312 952 ratu
338 893 370 952 in
398 893 638 970 quinquennium,
666 894 810 956 Antouim
836 895 869 952 in
896 895 1024 972 Syriam,
1054 897 1160 954 Caesar
1189 895 1227 953 ad

247 984 355 1045 bellum
373 984 499 1047 Siculum
517 980 609 1064 (Plut.
625 983 645 1040 t
664 983 683 1041 1.
702 985 777 1059 App.
797 985 832 1061 5,
851 985 897 1044 95.
916 987 975 1047 Dio
993 980 1125 1067 18111).
1161 988 1227 1044 Jam

247 1089 419 1148 quamquam
438 1075 591 1149 scriptores
609 1073 786 1138 Maecenatis
805 1078 836 1131 et
854 1075 969 1147 oooeeji
988 1093 1024 1134 co
1043 1080 1170 1150 tempore
1190 1076 1227 1134 ad

99 1132 122 1206 ἰ
246 1167 405 1229 Antonium
422 1165 575 1230 nsissorum
598 1180 658 1222 non
680 1165 856 1226 mentionem
873 1167 1020 1242 fecerunt,
1042 1167 1167 1228 dubitari
1185 1169 1227 1228 ta·
1273 1217 1278 1230 .

234 1271 314 1321 ’men
331 1255 433 1328 nequit
450 1256 521 1328 quin
538 1254 689 1328 utriusque
712 1256 835 1332 legatio,
860 1271 944 1329 quam
962 1256 1098 1318 Horatius
1123 1257 1227 1332 pinxit,

246 1347 279 1405 in
303 1345 375 1402 illud
397 1346 493 1418 ipsum
517 1346 633 1418 tempus
656 1345 798 1406 inciderit.
843 1347 1003 1405 concinam
1028 1347 1108 1416 enim
1131 1346 1228 1403 emnia

229 1435 362 1498 'indicia
400 1435 610 1495 Primumcum
628 1437 731 1498 summi
748 1437 937 1509 imperatores
958 1437 1035 1498 inter
1058 1453 1092 1492 se
1108 1436 1150 1496 ita
1169 1427 1228 1492 dis*-

247 1525 391 1614 sederint‚
409 1526 444 1580 ut
462 1525 568 1581 Caesar
585 1523 705 1586 Antonii
724 1525 954 1597 congressionem
969 1526 1120 1601 devitaret,
1139 1541 1227 1600 appa·

245 1619 292 1674 ret
314 1631 374 1678 non
398 1615 487 1676 semel
511 1613 564 1673 sed
587 1612 705 1684 saepius
725 1613 918 1683 legationibus
942 1615 981 1678 ab
1003 1618 1125 1689 utraque
1144 1619 1227 1689 parta

132 1747 134 1754 ‹
247 1721 320 1780 opus
339 1704 438 1768 tuisse.
476 1703 553 1770 Quin
578 1701 777 1763 dissolvendis.
793 1705 1054 1779 componendisque
1076 1706 1227 1770 simulans.

246 1797 301 1854 bus
326 1811 376 1854 eos
400 1795 521 1852 fidorum
545 1792 702 1856 amicorum
730 1793 894 1854 interventu
922 1812 990 1860 usos
1018 1813 1084 1854 esse
1118 1796 1227 1852 diserto

246 1887 365 1948 madunt
382 1883 522 1948 historici.
547 1883 620 1942 ‘Nec
644 1883 706 1940 veri
729 1883 859 1956 protecto
878 1888 923 1942 ost
941 1886 1089 1963 absimile,
1112 1887 1228 1947 Maece·

247 1979 346 2042 netem
363 1976 544 2050 potissimum
562 1975 593 2029 et
611 1971 762 2042 Coccejum
779 1966 892 2050 (κοινὸν
910 1974 1033 2053 ἀμφοῖν.
1053 1977 1177 2051 Appiam
1196 1975 1227 2033 b.

248 2085 273 2132 e,
286 2068 323 2144 5,
340 2061 420 2147 od),
440 2081 561 2140 quorum
578 2079 667 2136 opera
678 2077 704 2118 a.
718 2062 784 2126 714.
801 2065 903 2124 leodos
915 2066 1120 2130 Brundisinum
1138 2067 1228 2128 ictum

224 2207 227 2220 ,
248 2159 328 2234 erat,
347 2157 434 2219 etiam
453 2173 479 2218 a·
499 2155 563 2212 111.
581 2153 658 2217 inter
680 2155 833 2227 utrumque
857 2155 1071 2232 intercessisse,
1096 2171 1228 2230 praeser-

247 2249 302 2310 tim
320 2261 385 2304 oum
403 2247 509 2310 luerint
528 2259 665 2322 „aversos
682 2237 763 2305 soliti.
784 2259 954 2317 componere
973 2245 1166 2322 emioosy’ut
1184 2247 1228 2306 ait

248 2339 348 2402 Horat.
367 2353 395 2396 r.
414 2338 460 2401 29.
479 2367 517 2384 -
552 2333 664 2398 Deinde
683 2348 772 2390 verno
790 2336 935 2412 tempore,
957 2351 1014 2410 quo
1032 2336 1176 2394 Antonius
1194 2336 1227 2392 in

247 2429 360 2494 Italian
377 2429 473 2504 venit,
493 2429 542 2488 aut
559 2425 678 2486 aestatis
695 2423 779 2486 initio
797 2425 850 2484 has
862 2427 1022 2498 legationes
1039 2422 1142 2489 nissae
1161 2439 1227 2490 esse

248 2523 373 2594 oportet
408 2519 540 2592 nemque
559 2531 634 2572 anno
657 2518 769 2576 tantum
792 2516 874 2594 111,
898 2533 956 2591 quo
979 2519 1064 2584 ltalia
1087 2518 1226 2580 militibm

249 2609 383 2681 omenque
402 2608 504 2672 bellico
523 2609 662 2682 apparatu
679 2624 770 2665 vacua
788 2610 866 2684 eret,
891 2611 985 2684 potuit
1008 2611 1065 2668 iter
1082 2610 1126 2672 ita
1141 2625 1226 2684 paca-

249 2703 310 2759 tum
333 2687 626 2771 imperturbatamque
652 2713 732 2774 esse,
757 2698 841 2771 quale
864 2687 1053 2762 Randanum
1071 2699 1136 2762 fuit.
1170 2697 1225 2760 llis

247 2789 380 2850 curtibus
398 2803 578 2860 nequaquam
595 2787 705 2863 obstat,
731 2789 807 2862 quod
830 2805 889 2862 pax
909 2804 968 2844 non
985 2785 1147 2863 Brundisii,
1167 2803 1224 2862 qu,
1251 2829 1254 2834 ,
1378 2745 1379 2810 ἶ

190 2877 192 2883 ’
248 2879 399 2942 iterationi
415 2878 504 2948 legati
521 2875 688 2951 tenderent,
707 2878 759 2934 sed
776 2877 893 2939 Tarenti
911 2875 995 2951 coiit,
1020 2878 1053 2933 et.
1068 2876 1146 2950 quod
1163 2879 1223 2936 An·

247 2973 344 3034 tonius
368 2967 515 3032 Brundisii
538 2981 599 3030 nou
620 2970 809 3030 commoratus
832 2969 884 3024 est.
929 2966 1013 3026 certe
1038 2967 1224 3032 Brundisium

248 3064 350 3124 vectos
378 3063 441 3124 erat
468 3061 499 3124 et
525 3059 677 3117 mansisset
703 3058 760 3129 ibi,
794 3058 826 3124 ni
858 3057 968 3116 incolae
999 3058 1221 3134 prohibuissent.

155 3219 156 3224 η
247 3151 333 3211 Haud
351 3151 438 3214 dubie
456 3149 616 3216 Maecenati
627 3180 665 3196 -··
682 3166 768 3225 quem
784 3147 865 3210 breui
882 3149 949 3212 ante
966 3149 999 3206 in
1017 3149 1137 3212 Graecia
1154 3165 1222 3210 cen.

247 3243 367 3303 uenerat
384 3272 422 3289 -·
445 3241 627 3306 Brundisium
652 3257 683 3304 aa
701 3241 903 3315 perventurum
916 3255 984 3301 'esse
1004 3241 1220 3312 significaverat.

246 3332 309 3390 Neo
328 3331 449 3406 Caesar,
469 3331 495 3388 si
512 3331 683 3406 praestituta
701 3331 748 3388 die
764 3330 877 3398 legatos
892 3330 986 3408 misit,
1006 3331 1080 3398 scire
1096 3334 1220 3408 poterat,

247 3420 405 3482 Antonium
423 3421 633 3484 aBrundisinis
650 3435 708 3476 non
725 3419 872 3492 receptum
883 3421 1038 3488 Tarentum
1048 3422 1219 3496 perrexisse.

150 3537 152 3550 ν
247 3513 384 3587 nonque,
409 3525 483 3583 quae
507 3511 678 3589 wesseling,
701 3509 830 3575 Messeni
847 3513 953 3578 mtrem
970 3513 1120 3588 opposuit,
1144 3512 1220 3578 bene

247 3601 383 3666 redomuit
399 3601 548 3665 Kirohner,
567 3602 675 3674 quaest.
694 3602 787 3676 p.-59.
806 3599 835 3680 ᾗ.
848 3604 891 3660 14.
910 3606 941 3660 et
959 3602 1004 3658 15.
1043 3603 1114 3670 Qum
1131 3603 1220 3674 igitur

247 3695 304 3755 iter
327 3691 533 3758 Brundisinum
555 3705 622 3750 vere
647 3693 715 3756 anni
733 3709 761 3758 u.
781 3709 806 3750 c.
825 3694 888 3750 717.
912 3694 1019 3755 raecum
1036 3693 1090 3770 sit,
1114 3695 1218 3768 proba·

247 3783 305 3840 bile
323 3783 355 3842 tit
366 3785 402 3843 id
421 3783 457 3842 ab
475 3785 600 3847 Horam
617 3787 795 3860 descriptum
810 3799 876 3846 carc
893 3783 977 3846 treci
995 3793 1064 3858 poet
1079 3789 1217 3859 reditum,
