2776 4582
587 229 802 298 ..ιω-

198 397 279 454 Hoee
306 396 403 453 omnia
418 353 477 465 ,me
502 400 688 472 permovent,
712 399 746 452 ut
769 395 881 452 natales
905 394 992 468 epodi
1018 396 1062 453 17.
1087 411 1191 454 revera

198 487 231 543 in
249 503 313 544 aun.
334 486 398 542 724.
417 488 465 544 vel
483 485 547 542 init
567 487 715 560 sequentis
734 486 871 543 incidisse
891 485 993 550 dicam
1012 518 1052 530 -
1069 486 1186 545 Kirchu.

199 580 310 651 quaest
330 593 359 652 p.
379 577 425 635 27.
445 574 474 655 §.
493 578 539 635 50.
560 593 626 636 eum
645 593 721 636 anno
740 578 804 635 722.
824 577 991 650 assignavit

595 823 793 835 .--,—.-—....—.

458 1143 468 1172 ⁸
577 1166 692 1296 Gap,
721 1169 811 1258 IV.

315 1357 368 1410 ‘De
385 1359 531 1424 temporibus
548 1361 635 1423 quibus
651 1361 707 1411 libri
723 1362 743 1410 Ι.
761 1361 866 1411 carmine
882 1361 972 1426 scripta
989 1363 1045 1410 siut.

200 1641 363 1738 Venimus
388 1680 426 1738 ad
451 1679 585 1738 earmina
624 1681 754 1746 Quorum
777 1679 809 1736 in
832 1681 1001 1738 recensione
1025 1681 1068 1737 ita
1093 1695 1190 1739 versa·

201 1755 312 1832 bimur,
333 1756 415 1813 utin
434 1772 534 1813 eorum
552 1758 665 1812 tantum
683 1759 779 1812 aetate
803 1755 981 1829 exploranda
1000 1755 1191 1830 elaboremus,

129 1893 132 1904 .
201 1847 457 1928 quaetemporum
475 1846 584 1903 indicia
601 1847 649 1903 vel
667 1847 748 1902 certa
765 1847 814 1904 vel
832 1846 926 1911 dubia⁴
939 1847 1097 1924 continent.
1134 1849 1192 1906 Rc·
1244 1920 1246 1928 γ
1281 1879 1285 1886 ·

200 1937 281 2012 liqna
299 1937 376 1996 iutra
394 1953 486 1996 annos
506 1938 570 1995 724.
590 1940 621 1996 et
640 1937 705 1995 730.
726 1937 919 2012 scriptaesso
937 1939 1018 2012 puta.

278 2119 460 2184 (immi
483 2120 532 2176 n.
549 2135 552 2152 ⁵
564 2121 668 2196 „Jam
693 2124 769 2179 sotis
798 2121 913 2180 Μὶν)
936 2120 1047 2190 largam
1069 2118 1192 2194 praebet
1302 2103 1305 2118 '

203 2211 372 2284 disputandi
395 2211 546 2268 materiem
569 2227 661 2285 eoque
686 2211 778 2282 magis
803 2199 994 2286 implicatam,
1025 2225 1083 2282 quo
1108 2209 1192 2283 plura

202 2300 342 2375 temporis
367 2300 541 2357 adminicula
571 2301 789 2359 subministrare
820 2301 944 2358 ridetur.
988 2301 1065 2357 Ante
1096 2300 1193 2368 omnia

204 2393 357 2451 consilium
374 2393 495 2468 poetae,
516 2407 572 2465 quo
592 2409 709 2450 carmen
728 2392 893 2469 scripserit,
907 2392 1121 2464 ¹investigemus
1140 2408 1192 2450 ne·

119 2548 122 2562 ,
203 2500 284 2541 cesse
310 2485 364 2544 est.
407 2483 525 2541 Nemini
550 2485 646 2542 autem
672 2485 882 2542 sententiarum
898 2484 1012 2546 ,seriem
1031 2485 1061 2540 et
1084 2499 1193 2542 nexum
1243 2513 1245 2520 ·

203 2577 336 2636 accurate
354 2561 514 2648 pensitnnti
534 2574 653 2632 dubium
672 2577 743 2652 erit,
763 2575 835 2648 quin
852 2577 1041 2638 indecorem
1053 2576 1193 2634 Caesare

203 2665 362 2725 occatam·
384 2667 491 2721 factum
516 2666 569 2741 sit,
595 2667 645 2739 qui
670 2667 753 2723 bellis
779 2666 911 2724 civilibus
932 2665 1022 2729 ,modo
1047 2665 1193 2722 adfinem

203 2755 519 2829 perduotlslabentem
543 2757 691 2813 civitatem
716 2758 843 2814 erexerit
867 2747 906 2812 et'
921 2756 1076 2812 instantem
1093 2754 1192 2829 perni-

204 2845 278 2904 ciem
302 2848 333 2903 et
356 2848 470 2904 ruinam
494 2849 632 2921 tanquam
657 2848 728 2907 deus
760 2847 892 2905 tutelaris
923 2846 1071 2904 averterit
1115 2847 1193 2910 Satis

204 2952 362 3013 superque,
381 2938 620 3012 inquio,p0enas
640 2939 771 2995 dedimus
785 2938 865 3014 diis,
876 2937 984 3010 quippe
997 2939 1060 2994 tum
1070 2940 1192 2994 naturae

203 3025 244 3100 vi,
263 3017 412 3106 gr'andine,
430 3029 608 3106 fulminibus,
628 3028 867 3090 inundationibus
886 3022 1192 3110 (v.21-,20.)„tum

203 3115 344 3174 bellorum
372 3119 499 3178 civilium
533 3124 629 3178 lurore
664 3122 695 3178 in
730 3137 871 3178 summam
904 3118 1051 3179 miseriam
1085 3118 1191 3191 dejecti

204 3199 385 3288 (21-24.).
425 3211 518 3276 Quem
536 3213 639 3288 deum,
664 3214 697 3267 ut
715 3212 788 3268 haee
806 3212 882 3267 mala
900 3211 1017 3268 tandem
1037 3199 1204 3282 aliquando*
1225 3199 1236 3222 ”

113 3318 116 3328 s
204 3314 223 3356 a
240 3297 324 3354 nobis
334 3302 448 3357 avertat
459 3307 489 3358 et
502 3303 612 3361 scelera
624 3305 725 3359 nostra
737 3301 851 3376 expiet,
869 3297 1086 3361 invocabimusl
1114 3299 1196 3364 Num

203 3385 389 3466 Apollineml
409 3407 452 3460 xan
470 3389 633 3450 Venereml
653 3409 690 3448 an
709 3385 854 3446 Marteml
873 3407 911 3447 an
929 3391 1120 3468 Mercurium,
1141 3392 1191 3466 qui

205 3480 356 3538 Octaviani
374 3497 529 3555 personam
546 3483 578 3540 iu
597 3487 675 3540 terra
692 3481 788 3537 induit
806 3475 1001 3562 (25-44.)t
1038 3483 1099 3558 Tu,
1120 3484 1191 3543 Cae·

204 3587 267 3648 sar,
287 3572 398 3633 civitati
416 3573 562 3630 Romanae
576 3589 657 3636 ‚vere
682 3571 753 3628 deus
779 3587 953 3654 averruncus
971 3574 1092 3638 venisti!
1128 3574 1192 3633 Uti·
1221 3641 1222 3645 Ἰ

203 3676 271 3718 nem
299 3679 364 3720 sero
388 3663 420 3720 in
444 3664 571 3743 eoelum,
589 3661 713 3736 patriam
731 3664 827 3740 tuam,
851 3664 971 3739 redeas,
1001 3665 1108 3740 diuque
1137 3664 1191 3723 sub

130 3832 131 3848 ,
204 3750 297 3812 Patris
316 3757 347 3812 et
364 3753 506 3830 Principis
524 3755 641 3814 nomine
660 3753 878 3828 triumphorum
895 3754 1049 3836 splendore
1068 3757 1192 3832 honoru-
