2760 4588
605 313 646 324 ..
678 277 742 343 220
775 269 841 324 ...‘

220 440 298 514 quod
315 442 398 510 cogat
416 442 448 496 444
467 439 503 497 de
521 442 595 498 Jano
613 441 710 498 clauso
729 441 846 512 cogites.
877 423 955 506 Quin
971 439 1138 505 incredibile
1154 447 1204 501 est

219 533 344 590 Drusum
363 533 393 586 44
410 531 557 588 Tiberium
575 532 755 605 potissimum
773 531 830 588 dici
849 531 976 604 potuisse
1000 533 1106 589 danum
1123 535 1202 592 clau-

113 629 116 636 '
221 622 303 678 sisse.
342 621 449 688 Quidni
468 622 545 678 enim
563 623 686 695 scriptor
709 623 741 680 id
758 623 805 678 441
829 622 886 694 ipsi
910 623 1041 692 Augusto
1065 624 1113 680 ret
1137 625 1201 694 ejus

220 712 357 786 auspiciis
380 709 534 770 4411444141
576 713 672 787 Atque
695 713 759 786 ipsc
777 713 929 770 Massouus
957 713 1031 770 hanc
1050 729 1201 784 argaman

218 803 357 859 tationem
381 817 440 858 non
466 805 513 858 sat
536 803 645 859 firmam
669 821 732 860 esse
758 801 856 859 sensit.
893 803 1064 862 Nsm‘sliud
1082 795 1202 877 iusuper

219 892 329 949 addidit
348 895 553 963 argumentum.
591 893 668 950 Audi
686 878 785 950 modo!
804 893 916 971 Horatii
935 893 1019 950 odam
1037 893 1085 952 IV.
1106 894 1150 952 15.
1168 896 1201 950 et

219 983 303 1056 epist.
328 983 364 1039 11.
390 983 415 1039 l.
441 983 482 1040 sit
506 1000 531 1039 a
559 984 622 1042 744.
647 986 678 1040 44
702 984 818 1058 quidem
841 987 924 1042 Jorrc
947 988 1067 1042 tertium
1090 987 1197 1042 444444

218 1073 340 1146 scriptas
366 1090 438 1129 esse.
482 1075 559 1144 Ergo
582 1076 688 1130 danum
712 1088 739 1130 a.
759 1075 822 1130 744.
847 1075 974 1131 daucum
998 1091 1071 1130 esse.
1118 1075 1200 1132 usila

218 1158 375 1220 conclusio!
394 1163 601 1221 Gravissimam
620 1177 786 1222 caussatus
805 1164 916 1220 dmbus
934 1165 1048 1220 Horatii
1066 1164 1199 1221 carmini·

217 1251 272 1310 bus
291 1254 385 1330 petiit,
405 1269 526 1326 quorum
544 1255 682 1328 temporis
700 1255 807 1314 indicia
826 1267 932 1311 annum
955 1255 1018 1310 741.
1038 1269 1097 1311 non
1114 1271 1198 1311 exoc-

218 1343 286 1399 dcre
304 1344 367 1416 ipsc
381 1347 591 1401 cont'essuscst
608 1344 627 1401 1.
646 1347 665 1402 1.
686 1363 713 1419 p.
733 1346 797 1402 242.
829 1345 906 1412 Quid
917 1361 986 1402 4444
1004 1339 1197 1417 141444444441

216 1433 261 1491 Ne
279 1433 354 1490 ride!
374 1435 473 1492 Securi
491 1435 541 1492 isti
550 1438 583 1492 ct
594 1437 778 1492 comrirmrtcs
791 1453 816 1494 c.
831 1437 862 1512 4,
878 1436 923 1492 15.
950 1449 1024 1492 anuo
1043 1435 1115 1492 144.Ι
1132 1451 1198 1510 pro·

216 1526 316 1596 pterea
334 1525 553 1597 adscribendum
569 1539 635 1584 ome
652 1527 809 1602 affirmant,
827 1526 959 1600 qucd‘co
976 1528 1066 1584 danus
1085 1526 1197 1582 4414444444

217 1613 311 1670 sit-
273 1623 364 1672 -art
380 1617 543 1673 Massurius
564 1617 843 1688 producentium
868 1616 970 1690 opinor
985 1619 1033 1672 est
1049 1614 1196 1689 probanda

215 1713 269 1775 pro
286 1701 414 1776 probatis
434 1719 557 1782 sumere,
575 1707 641 1782 441,
661 1709 694 1762 ut
711 1707 759 1764 ilte
778 1706 829 1783 ait,
848 1706 1031 1778 4444444144
1056 1719 1140 1776 agere
1164 1707 1197 1762 44

215 1792 354 1850 ludificari
371 1795 516 1852 lectorem

289 1973 345 2035 114
364 1971 494 2035 docuerit
506 1978 667 2057 quisquam,
687 1980 800 2054 quando
810 1982 903 2036 danus
915 1979 1033 2036 tertium
1047 1978 1196 2039 obseratus

216 2065 262 2122 414.
300 2067 437 2126 Massont
453 2072 551 2127 tamen
567 2071 681 2138 ratione
705 2073 794 2129 multo
812 2069 989 2142 probabilior
1003 2071 1059 2132 ,444
1075 2071 1197 2142 Naristi,

216 2157 266 2228 qui
283 2157 315 2214 in
332 2159 490 2233 Genotaph.
510 2161 737 2218 Pisan'dissert.
762 2161 798 2217 11.
819 2176 881 2232 cap.
907 2159 951 2214 114.
970 2169 999 2230 p.
1023 2159 1088 2214 316.
1112 2153 1197 2237 (opp.

216 2247 271 2304 voi.
291 2247 341 2304 111.
353 2251 485 2306 Veronae
498 2247 597 2332 1729.)
615 2251 647 2307 id
660 2267 689 2307 4.
702 2251 764 2306 741
779 2251 885 2306 tactum
895 2261 962 2304 4444
974 2246 1104 2318 coniecit.
1123 2249 1198 2305 Turn

216 2337 293 2396 enim
311 2343 464 2411 parterm
481 2341 609 2414 marique
627 2343 710 2414 parta
729 2341 799 2396 eret.
832 2337 894 2396 Nec
912 2338 1024 2414 mirum,
1044 2338 1121 2411 quod
1138 2339 1197 2396 Dio

93 2411 109 2464 5
199 2489 201 2496 ,
219 2429 299 2486 cass.
320 2431 419 2507 tacuit,
439 2447 504 2487 cum
522 2431 675 2506 postumi
693 2431 738 2486 44.
757 2441 821 2504 cap.
838 2430 868 2485 4.
888 2443 992 2500 magna
1007 2428 1049 2484 444
1065 2429 1176 2486 recma.

289 2609 316 2666 4.
336 2609 488 2668 hactemur
506 2615 612 2688 tamen,
631 2612 707 2685 quod
733 2611 770 2667 ad
789 2611 923 2668 carminis
950 2611 996 2668 15.
1016 2613 1127 2683 tempus
1146 2625 1195 2666 na·

217 2701 275 2757 4414
294 2701 486 2758 definiendum
504 2719 541 2759 ne
560 2713 633 2776 opus
650 2691 770 2776 quidem
788 2704 833 2757 444
850 2717 952 2777 nosse,
973 2701 1088 2774 quando
1106 2701 1195 2758 Janus

144 2849 148 2857 .
216 2792 332 2850 remum
348 2793 462 2849 clausus
480 2793 528 2849 sit.
566 2793 706 2866 Respexit
724 2793 802 2848 enirn
819 2793 972 2866 Horatius,
991 2790 1100 2860 utiam
1125 2790 1195 2866 dixi,

216 2887 307 2940 totum
318 2881 447 2957 44494441
464 2891 599 2942 44444444.
630 2879 709 2963 (Lis.
730 2884 757 2958 1,
778 2885 823 2942 19.
844 2883 969 2958 „iterum
982 2881 1058 2954 quod
1076 2888 1197 2940 44444444
1260 2869 1263 2880 ’
1317 2935 1321 2940 .

217 2977 308 3032 amati
331 2975 381 3032 Dii
405 2973 561 3051 dederunt,
580 2977 613 3030 ut
638 2974 803 3030 videremus
828 2975 894 3046 post
917 2972 1024 3029 belluna
1047 2973 1196 3030 Actiacum
1317 3047 1318 3050 Ἴ
1349 3007 1350 3038 ;

217 3062 254 3119 ab
271 3063 444 3138 imperatore
469 3067 591 3126 Caesam
609 3066 740 3136 Augusto
764 3079 835 3138 pace
854 3066 932 3120 terra
948 3063 1077 3136 marique
1096 3057 1197 3136 paria''

206 3181 254 3230 ¹-
270 3155 361 3214 Janus
380 3154 519 3262 clausus.)
537 3156 634 3228 Atque
653 3157 678 3212 41
690 3156 787 3218 omnia
798 3154 1022 3229 complectimur,
1041 3153 1239 3210 verisimile

216 3243 249 3299 14
266 3259 380 3327 carmen
392 3249 518 3304 omnium
530 3249 689 3304 extremum
701 3263 765 3302 esse
785 3244 977 3318 scriptumque
990 3245 1056 3318 post
1073 3242 1196 3301 reditum

212 3334 475 3406 Augustusne.
495 3339 615 3395 741.-
633 3337 697 3404 Quo
715 3335 871 3407 magistris
890 3335 990 3392 credas
1009 3333 1125 3391 atteram
1143 3332 1196 3390 tibi

216 3425 433 3499 inscriptionem
448 3429 555 3502 lapidis
572 3427 746 3484 Emeritae
736 3441 768 3482 m
779 3427 920 3500 Hispania
937 3425 1056 3500 reperti,
1074 3439 1148 3498 quae
1164 3424 1197 3478 44

216 3515 281 3588 ipsa
297 3513 347 3574 fflo
366 3517 497 3576 circiter
492 3520 625 3591 tempore
645 3517 773 3574 coniectu
797 3519 842 3574 444
866 3519 896 3572 44
919 3516 987 3574 Jani
1011 3515 1101 3573 clausi
1118 3527 1196 3570 meu·
1244 3586 1247 3592 .
1346 3515 1348 3552 ³

216 3605 326 3664 tionem
339 3608 466 3666 continet
484 3602 536 3690 (44.
550 3607 687 3665 Gruter·
675 3623 765 3665 444444.
776 3623 806 3682 p.
822 3607 962 3684 uxum,
981 3605 1148 3664 11441411
1166 3619 1195 3680 p.

217 3695 283 3754 311.
302 3701 333 3755 et
351 3698 479 3758 11444444.
493 3698 563 3757 tani
582 3699 679 3773 templ
696 3711 755 3756 res
775 3713 804 3772 p
824 3691 920 3776 1444)
