2760 4588
624 293 896 358 „ag-¹

241 457 355 527 egregie
366 455 572 514 ratiocinantur
582 455 639 512 ita:
658 457 794 514 Horatius
805 458 823 514 J
824 471 910 512 anum
926 451 1044 514 tndem
1055 456 1220 516 obseratum

241 547 288 604 hic
306 547 443 619 respexit.
480 546 570 618 Atqui
587 548 677 604 Janns
696 547 732 602 ab
757 547 887 616 Augusto
909 545 1026 600 tertium
1044 547 1154 604 clausus
1173 555 1219 606 est

241 653 316 694 anno
330 654 363 695 u.
382 655 405 693 e.
425 637 487 692 744.
512 635 559 709 (ut
576 637 728 709 probatum
752 637 805 692 ivit
829 637 953 692 Messon
991 636 1057 694 Jani
1076 639 1170 710 templ
1188 656 1217 711 p.

241 729 339 804 208.!)
376 729 453 796 Ergo
472 742 588 783 carmen
606 744 659 784 scr.
679 744 704 783 a.
725 727 787 783 744.
826 726 912 794 Cujus
932 727 1121 784 conclusionis
1134 744 1218 800 quam

241 835 331 893 prava
349 819 407 874 sint
426 817 537 886 singula
555 817 691 892 membra,
711 833 769 874 non
787 819 816 872 tc
836 816 942 890 lugiet,
968 820 1097 875 candide
1119 817 1220 894 lector,

243 910 267 966 si
287 910 358 965 hacc
377 924 487 964 mecum
505 908 699 981 reputaveris:
1051 927 1056 934 ·

174 1159 176 1164 Α
314 1090 344 1163 a)
363 1088 490 1144 Pessime
509 1088 650 1145 affirmant
668 1088 704 1144 ab
723 1071 842 1146 Horatio
861 1090 966 1147 Janum
989 1093 1073 1146 terlio
1092 1089 1219 1176 plausum

240 1180 352 1252 respici.
391 1177 478 1248 Cujus
496 1177 541 1232 rei
558 1193 596 1232 ne
614 1176 688 1236 leve.
704 1179 820 1250 quidem
843 1178 997 1248 vestigium
1020 1179 1116 1234 verbis
1135 1182 1239 1236 inest·

239 1271 329 1326 Immo
353 1285 417 1325 eum
446 1285 481 1323 eo
507 1271 650 1343 tempore,
676 1284 733 1341 quo
748 1269 811 1326 'hoc
835 1283 950 1324 carmen
981 1268 1047 1324 stilo
1076 1268 1218 1348 signatum

240 1377 303 1417 esse
321 1358 475 1415 verisimile
494 1361 548 1433 est,
567 1359 657 1416 Janus
677 1359 713 1414 ab
737 1360 869 1429 Augusto
883 1359 945 1429 jnm
967 1360 1013 1416 bis
1037 1358 1077 1432 (a.
1102 1360 1164 1419 725.
1188 1363 1218 1415 et

238 1444 319 1530 729.)
337 1451 450 1506 clausus
469 1450 560 1504 essct:
575 1452 638 1504 'aut
656 1449 738 1505 fallor
756 1452 806 1504 aut
824 1449 888 1521 ipsa
906 1449 1008 1524 verba,
1027 1450 1130 1521 quibus
1149 1467 1217 1506 usus

164 1539 166 1549 '
239 1544 283 1597 est
301 1544 397 1616 poeta,

590 1645 593 1650 ·
632 1629 707 1703 Poe,
729 1631 844 1706 Caesar,
866 1637 950 1688 actus

383 1719 492 1790 Fruges
511 1721 541 1775 et
559 1719 636 1788 agris
654 1718 759 1788 retulit
771 1720 885 1797 uberes,

383 1810 421 1865 nt
439 1809 521 1878 signa
538 1811 637 1864 nostro
655 1810 782 1865 restituit
799 1811 876 1886 Jovi,

303 1885 307 1891 ⁵
432 1901 561 1971 Derepta
579 1899 749 1955 Parthorum
768 1900 901 1974 superbis

423 1992 426 2001 ‘
481 1988 625 2063 Postibus,
645 1996 675 2047 et
690 2007 822 2048 vacuum
840 1995 947 2050 duellis

382 2082 500 2136 Janum
518 2080 635 2146 Quirine·
653 2083 770 2155 eluunt,
789 2085 819 2136 ct
837 2073 966 2138 ordinem

383 2169 504 2225 Rectum
522 2169 655 2238 evaganti
672 2171 755 2246 irena
773 2171 919 2226 Licentiae

432 2259 544 2334 mjecit,
564 2261 725 2332 emovitque
744 2260 851 2332 culpas,

481 2350 520 2405 nt
537 2352 650 2405 veteres
669 2349 814 2405 revocavit
833 2351 918 2404 artes.
937 2379 975 2390 —

237 2439 395 2498 luculenter
420 2439 576 2495 ostendunt
605 2439 641 2494 ab
666 2440 785 2496 Horatio
811 2439 1000 2510 significatum
1024 2456 1087 2496 esse
1112 2443 1218 2498 Janum

237 2531 371 2603 Augusto
394 2533 560 2602 imperante
584 2529 757 2590 obseratum.
800 2533 867 2588 Non
890 2530 978 2600 igitur
1002 2532 1111 2586 certum
1129 2547 1217 2604 quen·

240 2620 304 2675 dam
316 2635 422 2675 annum
433 2619 569 2692 respexit,
584 2634 639 2691 quo
649 2622 740 2676 Janus
753 2621 886 2694 priinum,
898 2621 1054 2679 secundum
1066 2623 1216 2678 tertiumve

238 2709 351 2764 clausus
370 2709 465 2783 luerit,
485 2695 535 2764 sed
554 2709 709 2781 praecipua
726 2711 851 2780 Augusti
870 2710 978 2783 pacifici
997 2710 1108 2785 merita,
1128 2712 1217 2768 hono-

238 2815 295 2875 res,
314 2801 479 2856 ornamenta
498 2802 714 2856 enumeraturus
732 2800 809 2856 inter
826 2801 882 2858 alia
901 2801 972 2868 ‚Jani
996 2817 1108 2873 quoqne
1128 2801 1216 2858 clausi

234 2887 311 2959 juste
331 2890 488 2962 meritoque
507 2888 645 2944 meminit.
684 2890 779 2955 Quare
803 2890 957 2962 pessimam
981 2892 1054 2953 hanc
1079 2892 1216 2963 temporis

237 2983 335 3036 notam
353 2981 454 3055 habeo,
475 2995 512 3036 ex
523 2994 580 3052 qua
598 2979 628 3034 id
640 2982 751 3036 tantum
764 2979 867 3054 discas,
887 2988 1002 3038 carmen
1020 2984 1087 3054 post
1105 2999 1131 3038 a.
1152 2982 1213 3038 725.

238 3074 384 3129 exaratum
402 3087 475 3128 esse.

310 3247 346 3331 b)
366 3253 423 3310 Sed
449 3255 495 3310 lac
518 3251 668 3310 Horatium
692 3254 766 3308 Jano
790 3251 908 3310 tertium
938 3253 1034 3310 clauso
1065 3254 1212 3326 scripsisse

238 3337 331 3397 odam
368 3340 450 3397 Unde
469 3342 586 3399 tandem
603 3342 635 3404 id
652 3359 678 3398 a.
698 3343 761 3399 744.
781 3344 886 3399 lactum
905 3360 969 3401 esse
988 3341 1112 3402 noruntt
1130 3343 1211 3402 Unde

236 3427 353 3487 taudem
364 3429 530 3506 Massonus,
546 3447 602 3504 qno
614 3431 652 3488 ad
663 3447 861 3493 unumomnes
879 3433 1048 3508 innituntur,
1066 3433 1098 3490 id
1113 3430 1213 3491 noviti

237 3520 326 3578 Paulo
349 3520 435 3578 altius
459 3535 521 3576 rem
544 3523 706 3592 repetamus
729 3537 848 3578 necesse
874 3525 927 3581 est.
970 3526 1075 3581 Janum
1098 3521 1135 3581 ab
1153 3524 1213 3582 Au·

238 3613 322 3681 gusto
339 3608 489 3670 infuisse
508 3610 635 3666 clausum
652 3611 769 3668 tradunt
785 3613 903 3670 sueton.
930 3615 1004 3683 Aug.
1023 3613 1069 3672 22.
1089 3615 1119 3670 et
1129 3614 1212 3672 Oros.

168 3751 171 3757 r
236 3699 265 3776 6,
283 3699 328 3759 20.
355 3703 440 3778 atque
459 3699 554 3770 colligi
577 3703 674 3773 potest
692 3718 729 3758 cx
747 3701 842 3760 verbis
861 3703 970 3776 Taciti,
994 3717 1067 3774 quae
1086 3703 1214 3760 servavit

28 3851 30 3858 χ
148 3804 151 3818 ¹
236 3789 633 3868 omsius7,3.:,‚1)einde,
658 3795 690 3848 ut
708 3791 810 3868 ¹uerbis
836 3791 960 3848 Cornelii
978 3791 1077 3856 ,muri
1100 3792 1211 3869 loquar,
