2792 4576
581 298 623 309 ....
662 262 702 328 81
745 295 787 308 .-

128 501 130 510 s
196 425 245 505 qul
271 431 431 506 planctae
459 421 496 484 11.
528 425 680 484 voluminis
710 425 862 482 Sermones
899 421 1048 480 evidenter
1086 426 1178 484 aanor

195 523 369 597 compositos
389 535 453 594 esse
472 533 558 592 quam
576 516 662 590 primi
680 514 857 586 meminerit,
881 515 944 570 tum
960 514 1045 588 plura
1062 517 1178 578 omnino

194 614 244 674 uu
262 611 368 670 rationi
386 585 549 716 adversari,
567 609 667 664 favere
683 609 808 667 nostrae.

268 705 295 762 2.
320 682 475 763 Videamus
501 699 578 756 enim
593 699 640 762 de
663 698 803 756 librorum
827 697 997 756 differentia.
1036 698 1070 756 ln
1088 700 1179 760 altero

195 795 306 851 cautior
333 793 424 850 multo
453 794 483 847 et
512 789 671 860 mitigatior
701 790 796 846 Satira
825 790 870 847 ost
898 804 984 861 quam
1014 791 1046 846 in
1073 791 1178 864 priore

194 885 337 943 Acerbum
355 881 586 956 mordacitatem,
612 896 669 953 qua
693 880 725 936 in
749 879 860 936 hocin
884 895 1114 956 unumquemque
1132 884 1181 941 vel

194 979 275 1034 recto
299 975 347 1032 vel
370 975 437 1031 licto
461 971 576 1032 nomino
594 973 726 1028 notatum
742 969 834 1028 libere
853 970 1000 1028 invehitur
1017 1003 1056 1016 —
1074 974 1132 1030 Sat.
1151 973 1179 1031 2.

194 1067 222 1124 3.
241 1066 269 1122 7.
289 1065 316 1122 8.
331 1093 374 1108 -
391 1066 497 1120 frustra
516 1061 693 1136 quaesiveris
711 1061 743 1118 in
761 1062 860 1119 altero.
898 1061 953 1119 Hic
971 1078 1031 1121 non
1048 1067 1109 1122 tam
1122 1065 1180 1123 sin-

192 1156 278 1226 gulos
296 1155 427 1212 homines
446 1169 533 1228 quam
550 1168 661 1210 morum
680 1156 709 1211 et
727 1153 816 1210 totius
834 1152 1017 1230 vilae,‚quae
1031 1149 1180 1231 qualisque

195 1249 263 1304 tnnc
282 1247 346 1322 luit,
366 1245 586 1320 perversitatem
604 1243 715 1320 derisit,
734 1245 822 1319 idque
834 1247 894 1300 tam
906 1232 1000 1322 caute,
1018 1249 1052 1304 ut
1067 1263 1180 1328 omnem

194 1338 407 1397 cavillationem
431 1351 490 1393 non
515 1353 553 1394 ex
578 1352 630 1394 sua
653 1335 746 1409 ipsius
764 1352 889 1409 persona
907 1339 940 1392 ut
958 1340 1045 1395 antea
1061 1339 1180 1416 faceret,

195 1428 248 1486 sed
277 1428 434 1486 dramatico
462 1443 531 1484 usus
559 1429 652 1486 forma
679 1425 830 1494 tribueret,
847 1427 920 1484 aliis.
968 1429 1033 1494 Quo
1061 1431 1181 1488 artificio

151 1589 153 1594 Ι
195 1531 261 1576 cum
278 1521 366 1592 poeta
383 1519 535 1578 referentis
553 1511 644 1576 veluti
669 1519 774 1576 actoris
799 1521 896 1592 partes
921 1522 1020 1589 ageret
1033 1518 1094 1601 ¹²),
1118 1521 1182 1578 fieri

194 1625 253 1668 non
270 1613 384 1684 poterat
408 1610 478 1684 quin
496 1611 585 1668 multo
610 1609 700 1666 tutius
720 1613 749 1665 et
767 1611 877 1667 minore
896 1610 1054 1668 offensione
1074 1611 1182 1668 circum
1216 1633 1219 1638 ·

193 1702 362 1776 praecordia
392 1685 540 1760 hominum
568 1701 691 1759 luderet
739 1703 905 1770 Dramatica
934 1718 1005 1760 vero
1028 1703 1121 1760 forma
1148 1706 1210 1776 ut,
1255 1771 1257 1780 y

194 1793 282 1850 satira
300 1793 398 1856 mitior
416 1795 447 1848 et
464 1791 560 1848 minus
580 1792 654 1847 acris
673 1792 750 1847 lacta
769 1793 830 1865 est,
849 1793 890 1848 ita
914 1794 1070 1867 perfectior
1093 1794 1181 1852 etiam

195 1885 225 1940 et
249 1867 382 1938 omnibus
407 1881 534 1936 numeris
560 1879 700 1934 absoluta.
737 1877 843 1934 Merito
868 1881 945 1940 enim
964 1884 1083 1940 secundi
1100 1885 1181 1942 volu.

195 1971 282 2026 minis
301 1972 416 2040 eclogas
435 1969 472 2024 ad
490 1984 577 2024 unam
601 1985 701 2026 omnes
726 1970 1017 2050 consummatissimae
1032 1974 1181 2044 judicare.

195 2059 244 2124 ris,
282 2060 344 2118 lam
368 2076 433 2117 cum
458 2059 600 2133 duplicem
623 2059 698 2116 hanc
717 2059 822 2116 satiras
840 2061 1030 2120 mutationem
1053 2063 1131 2120 inter
1150 2081 1181 2122 se

194 2144 349 2208 cohaerere
365 2153 395 2208 et
410 2151 524 2229 studiis,
543 2152 659 2223 ingenio
679 2152 813 2225 vitaeque
836 2153 993 2234 conditioni
1013 2159 1117 2229 poetae
1135 2171 1181 2214 re·

154 2253 159 2266 ‘
193 2242 353 2319 spondere,
374 2243 444 2316 quin
462 2260 500 2300 ex
518 2259 576 2300 uno
596 2243 754 2316 eodemque
773 2246 852 2301 fonte
867 2248 1024 2318 profectam
1037 2264 1102 2304 esse
1121 2263 1180 2305 non

193 2336 254 2390 tam
282 2337 506 2394 consentaneum
534 2351 620 2408 quam
646 2337 844 2402 necessarium
872 2338 926 2394 sit:
957 2338 1107 2412 utriusque
1135 2339 1181 2398 rei

194 2440 326 2480 caussam
337 2441 375 2481 ex
387 2425 502 2482 diversa
510 2429 614 2498 poetae
626 2427 722 2482 aetate
741 2428 930 2501 repetendam
948 2446 1012 2485 esse
1031 2430 1057 2488 is
1077 2430 1180 2503 opinor

195 2514 350 2589 concedet,
376 2514 426 2586 qui
449 2531 549 2570 verum
572 2516 742 2590 impulsum,
768 2533 825 2590 quo
844 2518 954 2574 adhoc
972 2519 1070 2591 poesis
1089 2534 1180 2590 genus

196 2602 299 2660 ductus
319 2603 373 2676 sit,
393 2601 548 2658 crediderit
567 2619 649 2684 eum,
675 2619 761 2676 quem
779 2620 867 2680 supra
887 2608 1053 2680 significavi.
1091 2611 1179 2669 Nam·

196 2709 252 2767 que
272 2695 304 2750 ut
322 2692 454 2764 mitigata
472 2693 528 2749 ista
546 2693 614 2750 libri
631 2693 668 2751 Π.
689 2695 778 2752 satira
795 2697 881 2770 plane
898 2701 1056 2775 respondet
1074 2689 1179 2776 poetae

195 2784 291 2842 animo
316 2800 455 2857 prospera
472 2786 604 2842 fortunae
622 2785 821 2845 vicissitudine
841 2791 968 2850 emollito
986 2794 1017 2849 et
1035 2809 1101 2852 cum
1119 2795 1180 2852 vita

196 2875 280 2950 quasi
298 2864 482 2932 reconciliato
502 2871 729 2952 (Sat2,1.'44.:
745 2884 832 2952 posis
851 2880 990 2964 cupido):
1009 2885 1052 2940 ita
1066 2884 1178 2960 cadem,

196 2965 274 3040 quod
292 2965 447 3038 perfectior
466 2968 510 3022 esi
530 2969 559 3023 et
577 2971 820 3040 praestantior-
838 2975 884 3030 vel
904 2974 929 3029 si
947 2989 1084 3032 versuum
1102 2991 1178 3032 corn·

195 3055 370 3132 positionem
386 3057 550 3130 respexeris
568 3091 607 3102 -
623 3059 770 3135 ingenium
794 3063 892 3136 prodit
914 3064 1042 3136 longiore
1068 3067 1178 3126 exerci-

195 3148 306 3206 tatione
326 3148 433 3204 cultum
452 3152 481 3204 et
500 3150 722 3208 corroboratum.
761 3152 857 3218 Quare
883 3154 929 3210 vel
951 3155 1019 3214 inde
1037 3157 1069 3214 in
1088 3159 1178 3216 altero

195 3239 271 3296 libro
287 3241 403 3312 poetam
415 3241 509 3296 aetate
521 3243 731 3313 provectiorem
743 3245 925 3316 perspexeris
935 3241 989 3328 ¹³).
1027 3249 1178 3306 Accedunt

197 3330 262 3386 alia.
306 3329 421 3386 Abeunt
445 3330 478 3384 in
500 3333 661 3403 posteriora
676 3329 766 3390 'libro
796 3335 938 3405 flagitiosa
962 3342 992 3394 et
1021 3338 1175 3415 impudica.

196 3421 290 3476 Multa
308 3422 468 3477 tractantur
492 3437 577 3494 quaev
590 3423 628 3480 ad
651 3423 863 3498 philosophiam
880 3428 1033 3502 pertinent.
1071 3432 1177 3488 Multo·

168 3587 170 3592 Ι
195 3525 260 3568 rum
283 3510 447 3588 hominum,
473 3527 545 3604 quos
567 3515 599 3571 in
622 3515 718 3588 priore
744 3517 903 3596 sugillavit,
927 3521 1006 3578 nulla
1029 3521 1061 3578 in
1084 3521 1175 3578 altero

197 3668 341 3786 unffi,
329 3671 395 3720 Bene
415 3671 462 3722 lrac
484 3671 514 3721 dc
541 3687 568 3722 re
596 3667 709 3724 &meruit
736 3671 837 3727 Passov.
864 3678 907 3728 vlt.
935 3690 991 3742 pag.
1017 3675 1127 3728 LXVlll.
1149 3644 1185 3728 ct¹

213 3749 227 3782 o

263 3799 308 3866 19)
324 3802 356 3852 ci.
372 3803 473 3854 Passov.
489 3805 534 3854 vit.
550 3807 599 3854 not
616 3804 673 3856 179.
690 3805 746 3860 1⁷4·
757 3808 813 3860 179
