2760 4588
540 331 747 396 -sss-

148 497 206 555 llio
223 497 303 553 loous
322 492 482 557 simillimus
501 496 546 549 est
564 494 614 550 fini
631 493 831 568 praesedentls
849 493 938 571 odeo,
965 511 1049 568 quam
1067 483 1134 569 post

148 587 275 657 Augusti
293 584 418 641 reditum
437 584 624 656 oompositam
643 599 708 641 esse
727 601 814 658 supra
831 575 963 642 vidimus.
990 585 1048 652 Qui
1063 601 1133 664 vero

150 676 285 737 ear-minis
305 689 379 730 saco.
397 690 440 730 vs.
460 674 495 730 53
514 675 607 748 mser
622 675 704 752 ipsos
729 675 886 732 simillimos
911 675 1133 751 oompursrerits

297 766 362 822 dam
380 765 606 838 mari'tcrraque
622 781 724 822 manus
742 768 877 838 potentes

299 854 412 930 Modus,
432 854 615 929 Albanasque
634 857 717 912 timet
736 871 869 913 secures:

298 947 363 1002 darn
382 945 503 1016 Scythae
522 961 661 1018 responsa
679 948 791 1022 petunt,
812 945 929 1020 superbi

292 1063 298 1076 ν
447 1023 449 1029 1
616 1037 716 1109 Nuper
735 1039 765 1092 et
783 1036 857 1093 Indi.

297 1127 363 1183 Jarn
381 1125 468 1182 Fides
488 1129 517 1182 et
534 1127 595 1182 Pax
613 1129 644 1182 et
661 1126 761 1183 Honor
777 1125 930 1200 Pudorque

229 1232 234 1246 ’
297 1215 411 1272 Priscus
430 1221 460 1276 et
477 1215 609 1287 neglecta
625 1216 720 1272 redire
739 1215 837 1273 Virtus

221 1357 224 1362 ,
298 1305 409 1363 Audet:
429 1309 605 1381 apparetque
624 1305 710 1362 beata
727 1307 813 1378 pleno

262 1417 264 1422 ’
580 1397 672 1470 copia
689 1393 797 1473 cornu,'

150 1488 176 1545 is
195 1487 279 1546 isoile
303 1487 335 1544 in
359 1503 424 1544 eam
448 1487 620 1544 senteutiam
644 1487 738 1559 possit
763 1479 882 1564 uddnoi,¹
902 1491 936 1545 ut
952 1505 1068 1548 eulmen
1086 1489 1130 1546 ib.

145 1577 207 1648 jam
231 1595 256 1636 a
282 1578 345 1635 737.
370 1581 463 1635 ortum
488 1593 552 1633 esse
583 1576 697 1654 eredat,
723 1578 893 1650 praesertim
922 1583 987 1642 oum
1012 1581 1133 1638 extremi

118 1706 123 1710 -
149 1685 264 1726 versus:
720 1682 725 1692 ·

296 1715 467 1832 'lrojamque
486 1761 516 1814 ot
533 1757 680 1813 Anchisen
698 1759 729 1813 et
743 1756 838 1816 'ebuso

344 1847 513 1918 Progeniem
530 1846 651 1903 Veneris
670 1861 815 1922 canemus,

150 1935 259 1991 nemini
291 1951 351 2006 non
384 1938 415 1992 in
450 1936 617 1993 memoriam
649 1939 787 1993 revocent
817 1936 951 2027 tampnis
982 1955 1056 1996 suso.
1088 1955 1129 1997 vs.

151 2025 196 2082 ss.
217 2029 247 2082 et
265 2026 328 2082 oea
395 2043 400 2050 ¹

297 2117 410 2189 Quique
428 2132 481 2172 vos
499 2116 592 2173 bubus
611 2118 766 2173 veneratur
783 2116 856 2176 albis
945 2135 947 2138 ·
989 2093 992 2112 ¹

296 2207 396 2264 Clarus
414 2207 557 2264 Anchisae
576 2207 753 2280 Venerisque
773 2208 898 2278 sanguis.

149 2297 205 2354 Sed
217 2279 313 2354 obstat
330 2314 356 2380 ι.
372 2297 416 2358 19.
444 2299 537 2373 „Nou
548 2303 602 2372 qut
611 2295 798 2371 prodendum
810 2290 1128 2376 praemonstrante

148 2387 200 2444 ubi
217 2403 276 2445 non
295 2387 414 2445 dubium
433 2392 477 2442 est
490 2389 560 2460 quin
578 2389 716 2444 viatorise
734 2392 883 2460 respectae
903 2390 1060 2463 sint,‘qeus
1072 2391 1130 2446 lto·

148 2478 225 2532 meni
243 2493 296 2549 per
313 2493 404 2533 annos
421 2475 485 2531 738.
504 2477 550 2532 39.
569 2478 614 2532 40.
634 2478 670 2532 de
683 2478 855 2533 Germaniae
874 2478 987 2550 populis
999 2482 1128 2550 reporto·

147 2568 255 2622 rerunt
293 2567 354 2622 Neo
373 2564 510 2622 credibile
529 2568 574 2620 est
591 2566 797 2641 llorutimmsi
821 2567 879 2623 boe
893 2583 918 2622 o.
938 2566 1000 2636 jam
1017 2583 1043 2624 u.
1063 2568 1128 2626 7³7.

115 2726 119 2740 ι
148 2655 319 2730 scripsisset,
338 2655 418 2727 prins
437 2655 526 2724 igitur
537 2669 623 2728 quum
640 2654 751 2728 mliquu
769 2659 882 2716 tuntum
898 2673 957 2713 nou
975 2657 1127 2734 omnlu‚«id
1182 2655 1189 2660 ’

148 2736 275 2803 extremo
293 2745 357 2802 loco
375 2745 535 2818 positurum
553 2746 651 2804 luisse.
688 2748 754 2808 Jsrn
769 2763 835 2806 oum
853 2745 890 2804 ub
908 2763 934 2809 a.
952 2747 1017 2805 tw.
1035 2763 1127 2821 usque

24 2819 27 2847 ⁸
147 2837 184 2892 ad
202 2853 227 2894 u.
252 2836 315 2898 741,
334 2837 468 2893 oontiuus
487 2837 631 2897 saevirent
654 2836 744 2911 bolla,
769 2851 863 2909 nequo
889 2837 924 2893 de
948 2840 1041 2910 pratu¹
1055 2853 1125 2910 paee

147 2926 254 2982 mentio
271 2926 333 2982 fieri
344 2930 444 3000 posset
461 2927 519 2983 nisi
537 2929 604 3000 post
615 2926 738 2997 Augusti
750 2926 884 3002 reditum,
902 2927 994 3000 liquet
1010 2943 1126 2985 eerrncn

39 3067 42 3073 .
147 3031 205 3072 non
222 3019 289 3072 unte
308 3032 333 3082 a
358 3017 422 3074 741.
448 3018 586 3090 seriptum
610 3035 683 3074 esso.
720 3016 907 3074 Praecedenti
925 3017 1014 3088 igitur
1030 3021 1125 3076 aetate

148 3121 253 3179 suppar
271 3109 323 3164 est
352 3107 434 3164 Unde
446 3107 550 3163 eooidit
568 3109 699 3182 sortasse,
718 3109 752 3162 ut
769 3109 922 3179 utrumque
934 3123 1049 3164 mrmen
1065 3123 1125 3166 non

28 3257 30 3264 ,
148 3196 238 3254 solum
255 3196 287 3251 in
305 3197 414 3269 aliquot
431 3197 512 3254 codd
532 3198 585 3254 sed
603 3198 690 3254 etium
702 3197 860 3269 antiquitus
879 3199 910 3252 et
928 3198 1043 3268 vulgatu
1061 3200 1133 3272 qui.⁸

147 3287 212 3344 dem
234 3301 345 3359 usuque
369 3290 486 3360 reoeptu
504 3287 615 3346 ratione
639 3281 816 3365 (sosptem
841 3285 965 3352 Quidam
989 3292 1123 3361 separant
1247 3296 1250 3304 ’

146 3377 218 3434 huno
236 3377 312 3442 oden
329 3392 348 3432 u
366 3377 529 3452 superioro3
548 3377 600 3434 scd
617 3379 715 3450 potest
732 3377 774 3432 illi
790 3375 888 3452 iungi,
913 3377 1047 3449 quoniam
1075 3378 1122 3435 bic

146 3466 242 3524 leudes
262 3467 395 3523 diountur
412 3463 559 3547 Augusti)
576 3468 608 3524 in
625 3483 715 3524 uuum
733 3467 960 3537 sunjungeretur.

214 3647 242 3706 3.
260 3648 317 3706 Sed
335 3649 408 3706 isaeo
425 3648 530 3722 omnis,
549 3661 623 3720 quac
641 3646 678 3703 de
696 3646 769 3704 oclus
788 3650 916 3722 tompore
933 3647 1120 3720 probabiliter

35 3730 38 3753 '
147 3734 252 3792 dirim
276 3729 348 3796 mibi
372 3738 488 3814 videor,
513 3735 642 3794 mumma
666 3737 787 3794 oonrolli
811 3741 842 3794 et
871 3738 963 3794 everti
986 3737 1117 3814 ennam,

36 3877 40 3890 ,
146 3824 220 3900 quod
237 3841 264 3885 r.
283 3828 524 3906 &teotoloni
547 3827 655 3886 monuo
678 3829 754 3898 faeta
778 3827 824 3885 sit
866 3829 977 3974 llllognpc
1001 3835 1117 3902 prorsus
