2760 4588
593 289 800 358 -215-
913 254 916 260 ’

199 461 259 516 tem
287 473 352 516 esse
379 469 499 512 neeesse
528 457 581 512 est
628 455 705 513 Ante
730 456 758 514 d.
781 455 835 514 IV.
857 455 919 514 Cal.
932 455 1032 531 sepe,
1059 456 1185 530 lnqnem.

198 551 273 608 Nam
285 548 388 626 abhoc
401 547 448 604 die
460 545 599 620 Aegyptii
616 562 719 602 revera
731 562 822 603 annos
834 545 1032 612 numerabant
1063 547 1187 621 Aequis-

199 656 312 699 scamus
330 639 419 708 igitur
436 637 469 692 in
487 652 538 712 eo,
558 635 637 712 quod
655 637 807 694 didicimus
820 637 948 711 Aegypti
959 636 1062 693 urbem
1074 640 1188 711 captam

199 747 264 787 esse
283 733 358 803 ipris
379 727 440 787 011.
459 729 564 785 Sentit.
590 745 616 785 a
634 744 663 784 u.
683 745 708 785 1.
727 727 792 785 724.
830 727 888 784 Adi
912 717 1040 784 Messon.
1064 727 1096 784 in
1120 728 1188 785 Jani

199 821 298 893 templ.
322 805 609 892 111111117811.
635 818 686 875 vit.
712 819 783 894 Hor.
807 833 836 891 p.
854 819 935 893 339.,
960 818 1080 891 interpr.
1098 818 1186 878 Dion.

198 912 245 987 51,
266 911 310 970 19.
332 906 391 988 (ed.
411 911 502 967 Stura.
522 909 569 968 Vl.
590 927 618 984 p.
638 910 683 966 21.
703 912 763 966 not.
784 903 865 998 139.)
885 913 918 966 et'
932 909 1064 983 inprimis
1083 907 1184 966 Ideler.

197 1003 216 1060 l.
236 1003 305 1075 lp.
330 1001 383 1058 154
402 1017 445 1075 sq.
783 993 789 1006 ⁸

272 1094 299 1150 3.
338 1092 449 1159 Quodsi
480 1096 590 1150 certum
621 1091 666 1150 est
680 1097 802 1154 -Ruetos
826 1098 856 1154 et
882 1094 1051 1153 Vindelicos
1077 1091 1186 1163 junctis

198 1182 309 1241 'liberii
333 1186 364 1240 et
387 1182 476 1239 Drusi
500 1182 610 1240 viribus
634 1199 736 1244 mense
758 1188 867 1244 Sextili
891 1181 952 1262 (vel
970 1184 996 1240 si
1014 1181 1106 1239 'mavis
1126 1181 1185 1240 Cal.

198 1271 301 1355 Sext..)
326 1291 352 1330 a.
372 1273 436 1330 739.
461 1271 594 1330 subactos
614 1292 695 1352 esse,
720 1275 870 1333 rideamus
895 1274 1010 1350 quando
1035 1271 1187 1331 Horatium

198 1381 285 1423 carm.
305 1365 442 1422 4..1114.
462 1366 657 1437 composuisse
676 1366 833 1423 verisimile
854 1366 900 1423 sit.

272 1456 316 1514 Ac
334 1462 477 1531 quartum
502 1455 634 1534 quidem,
658 1457 690 1512 in
716 1472 773 1530 quo
797 1453 1187 1522 111111111111111111111

197 1547 355 1606 Vindelicis
379 1547 526 1620 reportata
545 1539 723 1624 celebratur,
754 1549 939 1604 menifestum
975 1549 1020 1604 111
1054 1547 1187 1620 potuisse

198 1638 301 1715 scribi,
321 1653 387 1695 oum
403 1635 527 1694 Romani
546 1636 582 1693 de
600 1654 740 1712 prospero
766 1641 871 1695 eventu
896 1637 1006 1711 primae
1026 1634 1186 1710 expeditio·

196 1729 242 1786 uis
261 1746 280 1786 a
298 1728 359 1785 solo
371 1729 467 1788 Druso
486 1728 625 1784 adversus
637 1731 737 1800 gentes
750 1729 871 1802 Alpinas
885 1731 1036 1802 susceptae
1050 1727 1186 1784 certiores

196 1819 267 1876 iacti
286 1821 400 1894 essent,
418 1819 447 1875 lr.
469 1835 494 1874 1.
513 1835 582 1875 vere
602 1819 649 1874 vel
665 1811 785 1876 ineunte
806 1823 916 1876 aestate
941 1819 1093 1876 1111739.
1129 1815 1187 1874 Sed

196 1910 326 1984 proiecto
345 1908 433 1964 etiam
456 1924 580 1966 necesse
603 1915 648 1966 est
669 1909 719 1965 illo
738 1912 868 1984 tempore
889 1911 984 1965 ortum
1003 1909 1042 1965 sit
1060 1922 1187 1982 carmen,

197 2004 227 2058 11
245 1999 362 2074 quidem
380 2001 534 2073 antequam
557 1999 706 2057 ‘liberium
731 2000 802 2055 istos
828 1999 951 2075 populos
971 2002 1002 2056 11
1020 1987 1187 2070 aggressum

196 2107 261 2149 esse
286 2093 317 2147 et
340 2092 531 2163 prostravisse
550 2091 659 2148 Romae
685 2085 839 2148 constaret.
877 2091 993 2148 Etenim
1015 2104 1076 2146 non
1094 2088 1187 2145 solum

195 2181 410 2258 imprudenter,
429 2181 536 2254 injuste
556 2185 586 2239 et
604 2182 718 2240 inficeto
733 2181 871 2239 Horatius
891 2182 1007 2257 egisset,
1028 2179 1186 2253 sedimpn-

195 2274 297 2332 denter
309 2273 397 2330 etiam
407 2275 436 2330 et
446 2273 564 2350 rustice,
584 2274 611 2330 si
624 2275 717 2332 solum
729 2276 858 2330 Drusum
871 2271 1104 2348 splendidissimo
1124 2285 1186 2327 ear-

194 2366 273 2422 mine
292 2366 354 2421 tum
365 2364 524 2441 laudasset,
544 2381 610 2422 eum
621 2363 733 2422 Tiberii
751 2363 891 2421 victoriae
905 2363 967 2434 jam
979 2364 1065 2419 notae
1078 2362 1184 2418 essent.

193 2457 260 2513 Non
284 2454 419 2527 equidem
441 2454 599 2509 verisimile
625 2453 748 2509 dixerim
771 2457 887 2526 poetam
911 2452 947 2508 de
971 2451 1114 2508 industria
1137 2465 1186 2506 res

194 2547 292 2618 gestas
310 2541 421 2601 Tiberii
439 2541 583 2599 malitioso
601 2559 670 2598 vere
690 2543 805 2598 silentio
823 2544 1054 2616 praetervectum
1072 2555 1137 2596 esse
1155 2543 1186 2596 11

193 2636 237 2692 ita
255 2632 317 2703 ejus
339 2613 658 2702 glories·ol')trectasse.
696 2632 764 2691 Non
789 2631 924 2705 equidem
947 2632 1185 2689 Horatiumcre·

195 2724 318 2782 diderim
332 2722 442 2794 justam
460 2721 523 2793 ejus
542 2723 732 2780 offensionem
752 2723 827 2779 ultro
853 2722 910 2779 sibi
928 2723 1123 2798 contraxisse,
1148 2737 1184 2778 eo

194 2818 289 2874 minus
300 2830 357 2890 quo
367 2812 695 2888 suspiciosior‘Tiberius
705 2815 782 2894 etad
793 2814 934 2872 invidiam
942 2814 1102 2888 promptior
1114 2815 1185 2871 erat.

193 2909 233 2966 Et
251 2923 317 2963 cum
340 2907 418 2963 inter
441 2906 593 2965 Horatium
617 2908 648 2961 et
666 2905 815 2963 Tiberium
833 2909 897 2963 arta
914 2921 1007 2980 paene
1025 2904 1184 2963 necessitas

194 2996 392 3057 intercesserit
401 2990 501 3078 (epist
517 2998 544 3073 1,
563 2997 591 3053 9.
602 2997 630 3074 2,
641 2996 668 3052 2.
683 2990 727 3078 1.)
739 3001 826 3070 atque
837 2980 1136 3070 hic'splendidissima
1154 2997 1186 3052 11

196 3091 309 3149 sincera
335 3087 421 3145 laude
446 3091 565 3145 ornetur
588 3087 620 3145 in
644 3088 692 3144 od.
719 3087 778 3144 14.:
810 3102 883 3159 quae
907 3087 1026 3143 tandem
1049 3086 1186 3144 invidiosi

195 3181 280 3240 istius
300 3178 408 3236 silentii
427 3195 529 3236 caussa
547 3173 655 3234 fueriti
692 3177 770 3243 Quid
789 3177 866 3252 quod
884 3178 977 3252 prima
989 3178 1079 3234 Drusi
1096 3178 1187 3234 vieto·

195 3273 240 3330 ria
257 3275 334 3346 tum,
354 3285 420 3326 cum
439 3269 597 3327 debellatos
616 3268 738 3344 populos
764 3268 859 3325 denuo
882 3271 978 3324 moins
996 3270 1100 3325 iecisse
1120 3271 1150 3324 et
1168 3284 1187 3324 a

196 3362 314 3422 Tiberio
333 3360 448 3417 demum
467 3357 685 3420 subactosesse
705 3362 825 3416 eventus
844 3359 1004 3436 docuisset,
1024 3363 1084 3416 tam
1096 3359 1187 3416 effusa

195 3454 337 3512 laudens
358 3452 444 3522 digna
462 3451 579 3524 quidem
598 3450 720 3524 amplius
740 3446 822 3508 11111
859 3452 934 3508 Η111
953 3455 1032 3508 certo
1045 3449 1188 3507 evincitur

198 3543 359 3601 11111114.
378 3545 445 3598 ante
466 3543 527 3618 14.,
547 3546 577 3599 11
595 3542 705 3614 aliquot
723 3541 870 3599 mensibus
890 3541 956 3599 ante
975 3557 1066 3598 mens.
1086 3540 1187 3596 Sextii.

198 3651 224 3690 a.
249 3635 314 3691 739.
341 3633 531 3707 compositum
562 3648 636 3688 esse.
680 3632 762 3689 Idem
786 3637 918 3691 accurate
950 3631 1102 3706 probatum
1131 3629 1187 3686 ivit

197 3723 314 3782 Kirchn
331 3724 364 3781 iu
381 3726 492 3798 quaest.
516 3739 546 3796 p.
563 3722 599 3777 32
616 3737 659 3794 sq.
670 3720 699 3798 ξ.
717 3721 764 3778 60.
786 3726 816 3780 et
833 3727 894 3779 not.
908 3723 935 3779 8.
955 3754 994 3766 -
1029 3720 1147 3778 Plurimi
1166 3736 1185 3776 a

197 3828 267 3872 vcro
285 3813 435 3894 aberrant,
455 3814 524 3873 dum
541 3813 627 3871 odam
645 3813 691 3870 vel
711 3811 749 3871 ad
768 3829 793 3870 a.
820 3814 883 3870 740.
908 3814 1038 3869 referunt
1059 3805 1185 3894 (Grotei.
