2792 4576
573 275 780 340 ..41-

188 458 236 500 cos
254 441 287 498 in
305 453 421 498 scenam
440 438 524 514 quasi
541 434 700 512 produxitt
738 439 796 496 cur
814 437 860 494 his
879 441 912 495 ut
924 437 1057 513 placeant
1069 442 1186 517 scripta,

183 533 282 609 eupit,
302 531 352 605 qui
370 534 478 607 tamen,
498 529 523 586 si
543 531 593 604 qui
612 529 672 607 alii,
692 546 728 586 ea
745 524 870 586 norautt
907 526 1022 588 Vident
1058 533 1104 590 Ita
1121 533 1177 592 tibi
1234 593 1235 600 χ

185 623 442 681 ιθιιιιοιιίὶιίθιιῐει
459 622 589 678 informa.
630 621 711 688 Quae
736 623 871 694 poemata
895 621 1016 680 eruditis
1040 617 1098 680 illis
1116 625 1176 682 Ho-
1206 657 1208 664 ι
1232 667 1237 672 -

185 714 254 772 ratii
272 714 372 770 amieis
390 712 607 770 recitationibus
625 714 739 768 tantum
750 712 867 768 veluno
885 713 1012 768 alterove
1031 705 1199 789 descripto¹

186 789 344 903 exemplari
368 803 463 861 obiter
486 803 688 878 innotuerant,
718 819 754 858 ea
776 797 905 859 nondum
929 803 966 860 ab
991 805 1070 861 omni
1094 810 1199 884 parte

187 895 339 966 dijudicari
363 895 566 968 aestimarique
590 894 733 967 poterant.
776 893 840 950 lam·
864 910 930 951 cum
952 894 1091 953 Horatius
1118 898 1177 970 syl·

183 987 272 1058 logan
296 986 427 1042 editurus
456 988 486 1041 et
509 984 552 1041 ita
576 984 689 1056 singula
714 1001 846 1058 quaeque
876 987 1019 1042 communi
1049 989 1177 1046 omnium

182 1076 294 1150 judicio
314 1077 494 1147 subjecturus
513 1078 607 1151 esset,
627 1077 705 1131 recte
723 1075 756 1132 id
775 1075 832 1132 sibi
850 1093 936 1133 curae
955 1077 1092 1152 cordique
1112 1097 1177 1138 esse

186 1168 287 1240 potuit
294 1168 464 1242 significare,
474 1169 507 1223 ut
516 1167 554 1224 ab
573 1167 706 1224 omnibus
717 1183 752 1223 ea
762 1167 850 1224 etiam
862 1169 1039 1226 accuratiore
1051 1171 1177 1229 lectione

185 1259 320 1316 instituta
337 1259 536 1331 probarentur.
571 1259 711 1316 Fortasse
729 1257 869 1330 quasdam
893 1260 996 1317 satiras
1020 1275 1058 1318 ne
1077 1262 1177 1320 amicis

186 1349 304 1423 quidem
327 1351 515 1423 praelegerat.
560 1349 617 1406 Sed
640 1347 723 1404 vides
744 1349 806 1420 jam
829 1348 879 1405 illa
895 1351 986 1407 verba
1004 1355 1179 1428 „doliturus

186 1443 214 1498 sa·
229 1443 375 1512 placeant
390 1443 463 1514 spe⁷²
481 1457 600 1515 prorsus
618 1455 678 1496 non
696 1439 782 1514 posse
800 1438 938 1510 intelligi,
957 1442 1015 1499 nisi
1026 1443 1178 1513 Horatium

187 1533 260 1589 haec
283 1533 380 1590 omnia
405 1532 555 1605 scripsisse
581 1534 691 1590 statuas
718 1535 782 1588 tum
796 1546 871 1588 ‘cum
893 1533 983 1589 totius
1006 1533 1097 1592 libelli
1116 1536 1178 1593 edi·

186 1622 296 1681 tionem
312 1627 438 1698 pararet
475 1624 565 1682 Vides
589 1625 665 1682 hanc
688 1624 784 1697 ipsam
802 1622 920 1680 satiram
939 1641 1004 1681 esse
1023 1625 1176 1699 epilogum.
1199 1615 1203 1620 ⁵

186 1715 226 1770 Et
242 1717 371 1788 profecto
390 1710 498 1790 epilogi
520 1715 640 1772 naturae
665 1714 715 1787 pia
738 1715 795 1770 ista
812 1717 882 1770 vota
900 1716 1089 1794 conveniunt,
1107 1718 1178 1796 [qui-

186 1805 241 1862 bus
265 1807 362 1863 nobile
386 1823 440 1880 par
464 1808 595 1880 fratrum,
612 1806 793 1862 Demetrium
817 1808 848 1860 et
865 1804 1033 1885 Tigellium,
1058 1814 1178 1868 nasutu-

186 1897 280 1952 lorum
304 1897 530 1953 obtrectatorum
553 1894 644 1952 veluti
668 1893 835 1968 signiferos,
859 1898 1052 1970 prosequitur.
1101 1901 1179 1966 Quid

79 2016 81 2020 .
188 1985 266 2058 quod
285 2003 321 2042 ea
338 1986 371 2042 in
388 1986 490 2044 ultimo
508 2003 595 2044 versu
614 2000 736 2060 puerum
755 1979 841 2056 jubet
864 1985 961 2045 libello
977 2005 1035 2047 suo
1054 1991 1178 2048 subscri-

186 2073 279 2134 beret
314 2077 434 2136 Hiscine
453 2073 587 2135 dffidest
623 2078 664 2135 At
681 2076 812 2152 libellus,
837 2077 948 2154 iuquit,
974 2078 1179 2151 intelligendus

1 2236 7 2264 θ
84 2181 87 2192 “
186 2167 235 2225 hic
254 2169 363 2246 Sermo,
382 2173 416 2226 ut
435 2171 494 2228 Sat.
515 2172 542 2246 1,
562 2170 588 2227 4.
609 2170 654 2227 tl.
693 2171 766 2226 Sunt
784 2169 888 2242 apinae
906 2169 1064 2243 tricaeque.
1102 2173 1179 2230 Tan·
1214 2217 1215 2224 ι
1255 2243 1258 2254 Ι

187 2275 273 2333 quam
297 2264 345 2318 vel
368 2262 432 2336 ipse
456 2261 594 2320 Horatius
619 2258 773 2336 prohibere
798 2260 940 2337 potuerit,
966 2263 1118 2334 quominus
1143 2281 1180 2320 ea

187 2366 261 2424 quae
287 2353 377 2409 semel
400 2353 432 2408 in
456 2353 512 2409 fine
535 2353 635 2409 totius·
650 2351 804 2408 voluminis
828 2353 925 2425 posita
948 2355 1031 2409 eraut
1055 2354 1092 2412 de
1109 2357 1179 2412 toto
1207 2429 1208 2432 Ἴ

187 2442 430 2512 intelligerentur!
468 2444 546 2509 Quin
564 2460 648 2500 omne
666 2444 724 2499 loci
735 2458 857 2499 acumen
867 2442 1032 2512 infringitur
1044 2447 1074 2500 et
1091 2447 1179 2523 perit,

189 2530 216 2586 si
234 2532 310 2586 hunc
329 2534 442 2586 tantum
460 2549 622 2588 sermonem
646 2533 683 2588 ab
702 2533 822 2588 Horatio
846 2532 1024 2589 intellectum
1042 2550 1106 2590 esse
1125 2552 1180 2609 pu·

187 2625 242 2678 tes.
281 2622 376 2686 Quam
388 2621 491 2678 debilis
499 2621 658 2696 sententia:
678 2621 692 2678 I
706 2638 779 2694 puer
786 2624 873 2694 atque
885 2638 951 2680 meo
962 2629 1094 2683 sument
1105 2625 1179 2682 haec

188 2712 352 2770 subscribe!
397 2713 504 2770 Contra
527 2715 579 2787 qui
604 2713 678 2769 sales
703 2716 734 2769 et
758 2715 866 2786 quanta
883 2712 1041 2791 festivitas,
1068 2715 1094 2772 si
1112 2734 1179 2790 per-

149 2847 153 2862 .
188 2805 343 2860 humanam
367 2803 454 2860 istam
479 2806 616 2881 salutem,
642 2819 729 2877 quam
752 2801 962 2868 modulatarum
986 2807 1067 2882 gregi
1098 2807 1177 2885 dicit,

58 2881 60 2886 ¹
110 2917 113 2922 ¹
188 2895 219 2950 iu
238 2895 319 2952 exitu
337 2894 407 2952 libri
424 2897 548 2952 confecti
572 2899 603 2952 et
619 2896 809 2954 Vertumnum
832 2897 995 2975 Janumque
1020 2881 1178 2970 spectantis

189 2985 376 3056 cogitaveris,
396 2987 506 3044 scilicet
524 3003 581 3061 quo
600 2987 834 3044 honorificentius
852 2987 917 3044 illos
936 2985 1040 3044 missos
1058 2988 1160 3045 faciat!

589 3101 725 3205 'ga

331 3218 406 3267 Liber
423 3220 564 3270 Sermonum
580 3221 701 3284 posterior
717 3234 779 3268 auno
796 3235 820 3268 ιι.
838 3235 859 3269 c.
876 3218 934 3272 val.
951 3219 1038 3272 editus.

262 3349 398 3423 Sequitur
422 3352 456 3405 ut
479 3351 515 3406 de
540 3354 677 3426 tempore·
690 3367 877 3427 quaeramus,
897 3367 954 3425 quo
973 3353 1047 3409 alter
1065 3354 1177 3410 Sermo·

188 3457 258 3497 num
280 3441 356 3498 liber
379 3440 487 3514 publici
508 3441 582 3512 juris
606 3444 711 3511 iactus
724 3441 820 3498 fuerit.
862 3442 897 3499 Id
921 3443 1036 3499 etiamsi
1059 3459 1118 3500 nou
1136 3443 1178 3498 ita

189 3533 325 3589 constitui
342 3532 452 3607 possit,
472 3534 505 3588 ut
522 3533 601 3590 nulla
620 3533 762 3616 dubitatio
776 3535 933 3610 remaneat,
953 3534 991 3590 ob
1006 3529 1177 3590 indiciorum

189 3623 236 3678 vel
254 3622 398 3680 delectum
414 3623 463 3679 vel
480 3623 619 3679 incertam
637 3627 786 3681 naturam:
805 3627 902 3682 tamen
921 3624 1006 3695 hrq'us
1024 3639 1070 3680 me
1090 3639 1177 3696 quaes

81 3765 92 3780 .
159 3779 162 3784 Δ
191 3711 291 3768 stionis
310 3730 369 3771 non
380 3714 563 3805 poenitebit,
584 3714 609 3770 si
627 3731 715 3787 quam
725 3716 851 3772 maxime
870 3707 1030 3788 probabilia
1047 3713 1177 3787 expisca-

190 3805 238 3860 tus
257 3821 320 3862 esse
339 3806 418 3862 visus
438 3807 555 3882 fuerim,
576 3807 605 3862 et
624 3808 686 3862 tum
702 3802 755 3863 'eos
773 3807 861 3866 falsos
880 3821 944 3865 esse
963 3802 1108 3880 evicerim,
1127 3805 1177 3878 qui
