<?xml version="1.0" encoding="UTF-8"?>
<!DOCTYPE html PUBLIC "-//W3C//DTD XHTML 1.0 Transitional//EN"
    "http://www.w3.org/TR/xhtml1/DTD/xhtml1-transitional.dtd">
<html xmlns="http://www.w3.org/1999/xhtml" xml:lang="en" lang="en">
 <head>
  <title>
</title>
<meta http-equiv="Content-Type" content="text/html;charset=utf-8" />
  <meta name='ocr-system' content='tesseract 3.04.00' />
  <meta name='ocr-capabilities' content='ocr_page ocr_carea ocr_par ocr_line ocrx_word'/>
</head>
<body>
  <div class='ocr_page' id='page_1' title='image "./fastihoratiani00lachgoog_0015.png"; bbox 0 0 2792 4576; ppageno 0'>
   <div class='ocr_carea' id='block_1_1' title="bbox 124 201 149 234">
    <p class='ocr_par' dir='ltr' id='par_1_1' title="bbox 124 201 149 234">
     <span class='ocr_line' id='line_1_1' title="bbox 124 201 149 234; baseline 0 -4"><span class='ocrx_word' id='word_1_1' title='bbox 124 201 149 234; x_wconf 69' lang='lat' dir='ltr'><strong>‚A</strong></span> 
     </span>
    </p>
   </div>
   <div class='ocr_carea' id='block_1_2' title="bbox 517 205 803 270">
    <p class='ocr_par' dir='ltr' id='par_1_2' title="bbox 517 205 803 270">
     <span class='ocr_line' id='line_1_2' title="bbox 517 205 803 270; baseline 0 -11"><span class='ocrx_word' id='word_1_2' title='bbox 517 205 803 270; x_wconf 76' lang='grc' dir='ltr'><strong>...ε-</strong></span> 
     </span>
    </p>
   </div>
   <div class='ocr_carea' id='block_1_3' title="bbox 207 276 1217 904">
    <p class='ocr_par' dir='ltr' id='par_1_3' title="bbox 207 276 1193 542">
     <span class='ocr_line' id='line_1_3' title="bbox 247 276 273 328; baseline 0 0"><span class='ocrx_word' id='word_1_3' title='bbox 247 276 273 328; x_wconf 56' lang='lat' dir='ltr'><strong>‘tv</strong></span> 
     </span>
     <span class='ocr_line' id='line_1_4' title="bbox 207 367 1193 446; baseline -0.006 -14"><span class='ocrx_word' id='word_1_4' title='bbox 207 371 287 445; x_wconf 86' lang='lat' dir='ltr'><strong>culos</strong></span> <span class='ocrx_word' id='word_1_5' title='bbox 303 373 383 432; x_wconf 78' lang='lat' dir='ltr'><strong>eltae</strong></span> <span class='ocrx_word' id='word_1_6' title='bbox 394 373 496 432; x_wconf 85' lang='lat' dir='ltr'><strong>fluetus</strong></span> <span class='ocrx_word' id='word_1_7' title='bbox 508 373 634 432; x_wconf 83' lang='lat' dir='ltr'><strong>urbansc</strong></span> <span class='ocrx_word' id='word_1_8' title='bbox 647 370 869 446; x_wconf 75' lang='lat' dir='ltr'>restinguerent,</span> <span class='ocrx_word' id='word_1_9' title='bbox 886 367 1014 428; x_wconf 87' lang='lat' dir='ltr'><strong>noudum</strong></span> <span class='ocrx_word' id='word_1_10' title='bbox 1027 370 1193 428; x_wconf 81' lang='lat' dir='ltr'><strong>corrobore-</strong></span> 
     </span>
     <span class='ocr_line' id='line_1_5' title="bbox 207 454 1193 542; baseline -0.007 -20"><span class='ocrx_word' id='word_1_11' title='bbox 207 467 270 522; x_wconf 89' lang='lat' dir='ltr'><strong>tum</strong></span> <span class='ocrx_word' id='word_1_12' title='bbox 287 463 351 540; x_wconf 89' lang='lat' dir='ltr'><strong>ipsc</strong></span> <span class='ocrx_word' id='word_1_13' title='bbox 369 465 497 524; x_wconf 83' lang='lat' dir='ltr'><strong>Remum·</strong></span> <span class='ocrx_word' id='word_1_14' title='bbox 508 463 678 540; x_wconf 75' lang='lat' dir='ltr'><strong>comitatus,</strong></span> <span class='ocrx_word' id='word_1_15' title='bbox 702 463 734 520; x_wconf 93' lang='lat' dir='ltr'><strong>in</strong></span> <span class='ocrx_word' id='word_1_16' title='bbox 751 478 828 520; x_wconf 82' lang='lat' dir='ltr'><strong>nova</strong></span> <span class='ocrx_word' id='word_1_17' title='bbox 852 460 921 520; x_wconf 91' lang='lat' dir='ltr'><strong>sede</strong></span> <span class='ocrx_word' id='word_1_18' title='bbox 939 456 1015 542; x_wconf 90' lang='lat' dir='ltr'><strong>(Sat.</strong></span> <span class='ocrx_word' id='word_1_19' title='bbox 1035 461 1063 537; x_wconf 91' lang='lat'><strong>1,</strong></span> <span class='ocrx_word' id='word_1_20' title='bbox 1081 459 1109 516; x_wconf 99' lang='grc'><strong>6.</strong></span> <span class='ocrx_word' id='word_1_21' title='bbox 1129 454 1193 539; x_wconf 85' lang='grc'><strong>86.)</strong></span> 
     </span>
    </p>

    <p class='ocr_par' dir='ltr' id='par_1_4' title="bbox 353 554 961 632">
     <span class='ocr_line' id='line_1_6' title="bbox 353 554 961 632; baseline -0.01 -17"><span class='ocrx_word' id='word_1_22' title='bbox 353 589 397 626; x_wconf 51' lang='grc'><strong>-,</strong></span> <span class='ocrx_word' id='word_1_23' title='bbox 407 585 447 600; x_wconf 90' lang='lat'><strong>·-</strong></span> <span class='ocrx_word' id='word_1_24' title='bbox 464 557 561 614; x_wconf 88' lang='lat' dir='ltr'><strong>custos</strong></span> <span class='ocrx_word' id='word_1_25' title='bbox 579 554 843 632; x_wconf 79' lang='lat' dir='ltr'><strong>incorruptissimqs</strong></span> <span class='ocrx_word' id='word_1_26' title='bbox 861 567 961 610; x_wconf 90' lang='lat' dir='ltr'><strong>omnes</strong></span> 
     </span>
    </p>

    <p class='ocr_par' dir='ltr' id='par_1_5' title="bbox 207 640 1217 904">
     <span class='ocr_line' id='line_1_7' title="bbox 355 640 798 725; baseline -0.009 -21"><span class='ocrx_word' id='word_1_27' title='bbox 355 645 469 704; x_wconf 85' lang='lat' dir='ltr'><strong>Circum</strong></span> <span class='ocrx_word' id='word_1_28' title='bbox 487 645 620 704; x_wconf 87' lang='lat' dir='ltr'><strong>doctores</strong></span> <span class='ocrx_word' id='word_1_29' title='bbox 639 646 740 705; x_wconf 87' lang='lat' dir='ltr'><strong>aderat</strong></span> <span class='ocrx_word' id='word_1_30' title='bbox 759 640 798 725; x_wconf 79' lang='lat'><strong>⁴).</strong></span> 
     </span>
     <span class='ocr_line' id='line_1_8' title="bbox 207 725 1217 812; baseline -0.005 -16"><span class='ocrx_word' id='word_1_31' title='bbox 207 737 293 805; x_wconf 82' lang='lat' dir='ltr'><strong>Quod</strong></span> <span class='ocrx_word' id='word_1_32' title='bbox 316 737 555 811; x_wconf 80' lang='lat' dir='ltr'><strong>quemadmodum</strong></span> <span class='ocrx_word' id='word_1_33' title='bbox 578 737 655 812; x_wconf 87' lang='lat' dir='ltr'><strong>patri</strong></span> <span class='ocrx_word' id='word_1_34' title='bbox 679 736 782 794; x_wconf 86' lang='lat' dir='ltr'><strong>honori</strong></span> <span class='ocrx_word' id='word_1_35' title='bbox 806 733 948 811; x_wconf 86' lang='lat' dir='ltr'><strong>dandum,</strong></span> <span class='ocrx_word' id='word_1_36' title='bbox 970 734 1013 791; x_wconf 85' lang='grc'><strong>116</strong></span> <span class='ocrx_word' id='word_1_37' title='bbox 1031 736 1092 810; x_wconf 82' lang='grc'><strong>661,</strong></span> <span class='ocrx_word' id='word_1_38' title='bbox 1116 725 1217 808; x_wconf 77' lang='grc'><strong>66611</strong></span> 
     </span>
     <span class='ocr_line' id='line_1_9' title="bbox 207 823 1195 904; baseline -0.003 -20"><span class='ocrx_word' id='word_1_39' title='bbox 207 828 266 885; x_wconf 91' lang='lat' dir='ltr'><strong>tilio</strong></span> <span class='ocrx_word' id='word_1_40' title='bbox 283 826 388 886; x_wconf 91' lang='lat' dir='ltr'><strong>mirum</strong></span> <span class='ocrx_word' id='word_1_41' title='bbox 405 832 544 903; x_wconf 82' lang='lat' dir='ltr'><strong>quantum</strong></span> <span class='ocrx_word' id='word_1_42' title='bbox 560 827 703 904; x_wconf 82' lang='lat' dir='ltr'><strong>proluisse</strong></span> <span class='ocrx_word' id='word_1_43' title='bbox 721 826 861 889; x_wconf 76' lang='lat' dir='ltr'><strong>laetemur</strong></span> <span class='ocrx_word' id='word_1_44' title='bbox 878 825 910 883; x_wconf 93' lang='lat' dir='ltr'><strong>iu</strong></span> <span class='ocrx_word' id='word_1_45' title='bbox 928 823 1016 892; x_wconf 84' lang='lat' dir='ltr'><strong>animi</strong></span> <span class='ocrx_word' id='word_1_46' title='bbox 1028 823 1195 898; x_wconf 79' lang='lat' dir='ltr'><strong>ingeniique</strong></span> 
     </span>
    </p>
   </div>
   <div class='ocr_carea' id='block_1_4' title="bbox 166 914 1195 994">
    <p class='ocr_par' dir='ltr' id='par_1_6' title="bbox 166 914 1195 994">
     <span class='ocr_line' id='line_1_10' title="bbox 166 914 1195 994; baseline -0.005 -18"><span class='ocrx_word' id='word_1_47' title='bbox 166 959 167 964; x_wconf 36' lang='lat'>1</span> <span class='ocrx_word' id='word_1_48' title='bbox 208 918 442 978; x_wconf 82' lang='lat' dir='ltr'><strong>conformatione.</strong></span> <span class='ocrx_word' id='word_1_49' title='bbox 481 918 649 994; x_wconf 80' lang='lat' dir='ltr'><strong>cumcuim</strong></span> <span class='ocrx_word' id='word_1_50' title='bbox 668 917 806 991; x_wconf 78' lang='lat' dir='ltr'><strong>singulari</strong></span> <span class='ocrx_word' id='word_1_51' title='bbox 823 919 907 991; x_wconf 83' lang='lat' dir='ltr'><strong>pater</strong></span> <span class='ocrx_word' id='word_1_52' title='bbox 925 914 1066 975; x_wconf 82' lang='lat' dir='ltr'><strong>educendi</strong></span> <span class='ocrx_word' id='word_1_53' title='bbox 1083 915 1195 972; x_wconf 83' lang='lat' dir='ltr'><strong>ratione</strong></span> 
     </span>
    </p>
   </div>
   <div class='ocr_carea' id='block_1_5' title="bbox 206 1004 1261 2085">
    <p class='ocr_par' dir='ltr' id='par_1_7' title="bbox 206 1004 1261 2085">
     <span class='ocr_line' id='line_1_11' title="bbox 208 1004 1196 1087; baseline -0.006 -20"><span class='ocrx_word' id='word_1_54' title='bbox 208 1011 347 1087; x_wconf 87' lang='lat' dir='ltr'><strong>uteretur,</strong></span> <span class='ocrx_word' id='word_1_55' title='bbox 366 1007 431 1087; x_wconf 82' lang='lat' dir='ltr'><strong>hac,</strong></span> <span class='ocrx_word' id='word_1_56' title='bbox 449 1013 483 1068; x_wconf 91' lang='lat' dir='ltr'><strong>ut</strong></span> <span class='ocrx_word' id='word_1_57' title='bbox 500 1027 560 1069; x_wconf 91' lang='lat' dir='ltr'><strong>non</strong></span> <span class='ocrx_word' id='word_1_58' title='bbox 576 1013 636 1068; x_wconf 88' lang='lat' dir='ltr'><strong>tam</strong></span> <span class='ocrx_word' id='word_1_59' title='bbox 649 1008 758 1081; x_wconf 84' lang='lat' dir='ltr'><strong>jejunis</strong></span> <span class='ocrx_word' id='word_1_60' title='bbox 776 1007 940 1083; x_wconf 76' lang='lat' dir='ltr'><strong>praeceptis</strong></span> <span class='ocrx_word' id='word_1_61' title='bbox 957 1012 988 1065; x_wconf 86' lang='lat' dir='ltr'><strong>et</strong></span> <span class='ocrx_word' id='word_1_62' title='bbox 1000 1004 1196 1063; x_wconf 87' lang='lat' dir='ltr'><strong>commonitio-</strong></span> 
     </span>
     <span class='ocr_line' id='line_1_12' title="bbox 206 1091 1197 1184; baseline -0.004 -27"><span class='ocrx_word' id='word_1_63' title='bbox 206 1099 304 1177; x_wconf 87' lang='lat' dir='ltr'><strong>nibus,</strong></span> <span class='ocrx_word' id='word_1_64' title='bbox 323 1115 410 1175; x_wconf 89' lang='lat' dir='ltr'><strong>quem</strong></span> <span class='ocrx_word' id='word_1_65' title='bbox 428 1102 588 1178; x_wconf 86' lang='lat' dir='ltr'><strong>„exemplis</strong></span> <span class='ocrx_word' id='word_1_66' title='bbox 606 1101 744 1159; x_wconf 86' lang='lat' dir='ltr'><strong>vitiorum</strong></span> <span class='ocrx_word' id='word_1_67' title='bbox 761 1115 892 1174; x_wconf 86' lang='lat' dir='ltr'><strong>quaeque</strong></span> <span class='ocrx_word' id='word_1_68' title='bbox 909 1095 1055 1160; x_wconf 78' lang='lat' dir='ltr'><strong>notando&#39;’</strong></span> <span class='ocrx_word' id='word_1_69' title='bbox 1073 1091 1148 1177; x_wconf 78' lang='lat' dir='ltr'><strong>(Set</strong></span> <span class='ocrx_word' id='word_1_70' title='bbox 1168 1096 1197 1184; x_wconf 68' lang='lat' dir='ltr'><strong>l,</strong></span> 
     </span>
     <span class='ocr_line' id='line_1_13' title="bbox 207 1184 1197 1272; baseline 0.004 -26"><span class='ocrx_word' id='word_1_71' title='bbox 207 1190 236 1247; x_wconf 83' lang='lat'><strong>4.</strong></span> <span class='ocrx_word' id='word_1_72' title='bbox 257 1184 338 1272; x_wconf 71' lang='lat'>1⁰5..)</span> <span class='ocrx_word' id='word_1_73' title='bbox 356 1190 494 1252; x_wconf 77' lang='lat' dir='ltr'><strong>traditum</strong></span> <span class='ocrx_word' id='word_1_74' title='bbox 511 1192 549 1252; x_wconf 89' lang='lat' dir='ltr'><strong>ab</strong></span> <span class='ocrx_word' id='word_1_75' title='bbox 567 1191 693 1267; x_wconf 83' lang='lat' dir='ltr'><strong>antiquis</strong></span> <span class='ocrx_word' id='word_1_76' title='bbox 711 1207 821 1250; x_wconf 90' lang='lat' dir='ltr'><strong>morem</strong></span> <span class='ocrx_word' id='word_1_77' title='bbox 839 1192 1076 1269; x_wconf 81' lang='lat' dir='ltr'><strong>servaret-puero</strong></span> <span class='ocrx_word' id='word_1_78' title='bbox 1094 1194 1197 1256; x_wconf 82' lang='lat' dir='ltr'><strong>sitam-</strong></span> 
     </span>
     <span class='ocr_line' id='line_1_14' title="bbox 207 1276 1197 1362; baseline 0.002 -25"><span class='ocrx_word' id='word_1_79' title='bbox 207 1295 265 1354; x_wconf 88' lang='lat' dir='ltr'><strong>que</strong></span> <span class='ocrx_word' id='word_1_80' title='bbox 283 1284 315 1341; x_wconf 87' lang='lat' dir='ltr'><strong>et</strong></span> <span class='ocrx_word' id='word_1_81' title='bbox 331 1283 437 1341; x_wconf 67' lang='lat' dir='ltr'><strong>mnsam</strong></span> <span class='ocrx_word' id='word_1_82' title='bbox 454 1284 626 1343; x_wconf 90' lang='lat' dir='ltr'><strong>ineolumem</strong></span> <span class='ocrx_word' id='word_1_83' title='bbox 643 1286 805 1359; x_wconf 84' lang='lat' dir='ltr'><strong>praestaret</strong></span> <span class='ocrx_word' id='word_1_84' title='bbox 824 1276 863 1362; x_wconf 89' lang='lat'><strong>⁷),</strong></span> <span class='ocrx_word' id='word_1_85' title='bbox 889 1280 980 1341; x_wconf 90' lang='lat' dir='ltr'><strong>donee</strong></span> <span class='ocrx_word' id='word_1_86' title='bbox 1004 1283 1067 1341; x_wconf 89' lang='lat' dir='ltr'><strong>sine</strong></span> <span class='ocrx_word' id='word_1_87' title='bbox 1091 1283 1197 1340; x_wconf 86' lang='lat' dir='ltr'><strong>cortice</strong></span> 
     </span>
     <span class='ocr_line' id='line_1_15' title="bbox 206 1372 1198 1456; baseline 0 -28"><span class='ocrx_word' id='word_1_88' title='bbox 206 1373 359 1432; x_wconf 76' lang='lat' dir='ltr'><strong>nataturus</strong></span> <span class='ocrx_word' id='word_1_89' title='bbox 384 1378 476 1434; x_wconf 81' lang='lat' dir='ltr'><strong>esset:</strong></span> <span class='ocrx_word' id='word_1_90' title='bbox 501 1376 742 1456; x_wconf 82' lang='grc'><strong>16661666116611,</strong></span> <span class='ocrx_word' id='word_1_91' title='bbox 766 1373 875 1443; x_wconf 81' lang='lat' dir='ltr'><strong>etjam</strong></span> <span class='ocrx_word' id='word_1_92' title='bbox 893 1375 998 1446; x_wconf 86' lang='lat' dir='ltr'><strong>puerili</strong></span> <span class='ocrx_word' id='word_1_93' title='bbox 1022 1372 1119 1431; x_wconf 90' lang='lat' dir='ltr'><strong>auimo</strong></span> <span class='ocrx_word' id='word_1_94' title='bbox 1138 1374 1198 1428; x_wconf 87' lang='lat' dir='ltr'><strong>stu·</strong></span> 
     </span>
     <span class='ocr_line' id='line_1_16' title="bbox 207 1460 1198 1538; baseline -0.001 -18"><span class='ocrx_word' id='word_1_95' title='bbox 207 1461 288 1524; x_wconf 85' lang='lat' dir='ltr'><strong>oium</strong></span> <span class='ocrx_word' id='word_1_96' title='bbox 312 1463 351 1523; x_wconf 83' lang='lat' dir='ltr'><strong>ad</strong></span> <span class='ocrx_word' id='word_1_97' title='bbox 375 1464 524 1523; x_wconf 89' lang='lat' dir='ltr'><strong>hominum</strong></span> <span class='ocrx_word' id='word_1_98' title='bbox 547 1465 619 1521; x_wconf 85' lang='lat' dir='ltr'><strong>vitia</strong></span> <span class='ocrx_word' id='word_1_99' title='bbox 643 1460 813 1519; x_wconf 88' lang='lat' dir='ltr'><strong>attendendi</strong></span> <span class='ocrx_word' id='word_1_100' title='bbox 837 1476 940 1535; x_wconf 87' lang='lat' dir='ltr'><strong>eaque·</strong></span> <span class='ocrx_word' id='word_1_101' title='bbox 953 1463 1049 1538; x_wconf 89' lang='lat' dir='ltr'><strong>lepide</strong></span> <span class='ocrx_word' id='word_1_102' title='bbox 1074 1465 1106 1520; x_wconf 87' lang='lat' dir='ltr'><strong>et</strong></span> <span class='ocrx_word' id='word_1_103' title='bbox 1123 1462 1198 1519; x_wconf 90' lang='lat' dir='ltr'><strong>salse</strong></span> 
     </span>
     <span class='ocr_line' id='line_1_17' title="bbox 206 1548 1198 1629; baseline -0.004 -17"><span class='ocrx_word' id='word_1_104' title='bbox 206 1553 583 1625; x_wconf 73' lang='lat' dir='ltr'><strong>casogandrmculcaretur.</strong></span> <span class='ocrx_word' id='word_1_105' title='bbox 620 1551 683 1606; x_wconf 91' lang='lat' dir='ltr'><strong>Nec</strong></span> <span class='ocrx_word' id='word_1_106' title='bbox 700 1549 777 1606; x_wconf 80' lang='lat' dir='ltr'><strong>cessi</strong></span> <span class='ocrx_word' id='word_1_107' title='bbox 793 1548 908 1622; x_wconf 85' lang='lat' dir='ltr'><strong>labores</strong></span> <span class='ocrx_word' id='word_1_108' title='bbox 917 1557 1004 1610; x_wconf 86' lang='lat' dir='ltr'><strong>erant</strong></span> <span class='ocrx_word' id='word_1_109' title='bbox 1021 1554 1059 1629; x_wconf 21' lang='lat' dir='ltr'><strong>ins</strong></span> <span class='ocrx_word' id='word_1_110' title='bbox 1070 1553 1198 1610; x_wconf 87' lang='lat' dir='ltr'><strong>moribus</strong></span> 
     </span>
     <span class='ocr_line' id='line_1_18' title="bbox 207 1638 1198 1715; baseline 0.003 -17"><span class='ocrx_word' id='word_1_111' title='bbox 207 1644 292 1715; x_wconf 89' lang='lat' dir='ltr'><strong>pueri</strong></span> <span class='ocrx_word' id='word_1_112' title='bbox 319 1641 503 1698; x_wconf 79' lang='lat' dir='ltr'><strong>moderandis</strong></span> <span class='ocrx_word' id='word_1_113' title='bbox 535 1643 566 1697; x_wconf 88' lang='lat' dir='ltr'><strong>et</strong></span> <span class='ocrx_word' id='word_1_114' title='bbox 598 1638 793 1696; x_wconf 86' lang='lat' dir='ltr'><strong>emendandis.</strong></span> <span class='ocrx_word' id='word_1_115' title='bbox 852 1639 961 1706; x_wconf 88' lang='lat' dir='ltr'><strong>Quidni</strong></span> <span class='ocrx_word' id='word_1_116' title='bbox 993 1644 1071 1700; x_wconf 90' lang='lat' dir='ltr'><strong>enim</strong></span> <span class='ocrx_word' id='word_1_117' title='bbox 1094 1644 1198 1702; x_wconf 88' lang='lat' dir='ltr'><strong>Flacco</strong></span> 
     </span>
     <span class='ocr_line' id='line_1_19' title="bbox 208 1728 1202 1808; baseline 0.001 -20"><span class='ocrx_word' id='word_1_118' title='bbox 208 1729 375 1806; x_wconf 86' lang='lat' dir='ltr'><strong>credamus,</strong></span> <span class='ocrx_word' id='word_1_119' title='bbox 401 1730 452 1805; x_wconf 91' lang='lat' dir='ltr'><strong>qui</strong></span> <span class='ocrx_word' id='word_1_120' title='bbox 476 1731 568 1805; x_wconf 86' lang='lat' dir='ltr'><strong>patris</strong></span> <span class='ocrx_word' id='word_1_121' title='bbox 592 1747 662 1787; x_wconf 88' lang='lat' dir='ltr'><strong>cura</strong></span> <span class='ocrx_word' id='word_1_122' title='bbox 687 1746 719 1786; x_wconf 88' lang='lat' dir='ltr'><strong>se</strong></span> <span class='ocrx_word' id='word_1_123' title='bbox 737 1728 860 1787; x_wconf 87' lang='lat' dir='ltr'><strong>liberum</strong></span> <span class='ocrx_word' id='word_1_124' title='bbox 886 1733 1102 1804; x_wconf 80' lang='lat' dir='ltr'><strong>agrarioribus</strong></span> <span class='ocrx_word' id='word_1_125' title='bbox 1121 1748 1202 1808; x_wconf 75' lang='lat' dir='ltr'><strong>qnae,</strong></span> 
     </span>
     <span class='ocr_line' id='line_1_20' title="bbox 207 1820 1199 1897; baseline 0.002 -20"><span class='ocrx_word' id='word_1_126' title='bbox 207 1821 366 1896; x_wconf 86' lang='lat' dir='ltr'><strong>perniciem</strong></span> <span class='ocrx_word' id='word_1_127' title='bbox 383 1823 478 1880; x_wconf 87' lang='grc'><strong>161661</strong></span> <span class='ocrx_word' id='word_1_128' title='bbox 494 1821 575 1879; x_wconf 86' lang='lat' dir='ltr'><strong>vitiis</strong></span> <span class='ocrx_word' id='word_1_129' title='bbox 592 1820 744 1897; x_wconf 84' lang='lat' dir='ltr'><strong>mansisse,</strong></span> <span class='ocrx_word' id='word_1_130' title='bbox 758 1822 788 1876; x_wconf 88' lang='lat' dir='ltr'><strong>ct</strong></span> <span class='ocrx_word' id='word_1_131' title='bbox 800 1820 993 1882; x_wconf 80' lang='lat' dir='ltr'><strong>mediocribus</strong></span> <span class='ocrx_word' id='word_1_132' title='bbox 1004 1827 1117 1882; x_wconf 89' lang='lat' dir='ltr'><strong>tantum</strong></span> <span class='ocrx_word' id='word_1_133' title='bbox 1136 1825 1199 1897; x_wconf 91' lang='lat' dir='ltr'><strong>qui·</strong></span> 
     </span>
     <span class='ocr_line' id='line_1_21' title="bbox 208 1910 1199 1998; baseline 0.004 -30"><span class='ocrx_word' id='word_1_134' title='bbox 208 1911 264 1968; x_wconf 90' lang='lat' dir='ltr'><strong>bus</strong></span> <span class='ocrx_word' id='word_1_135' title='bbox 282 1911 366 1970; x_wconf 84' lang='lat' dir='ltr'><strong>facile</strong></span> <span class='ocrx_word' id='word_1_136' title='bbox 383 1912 516 1985; x_wconf 86' lang='lat' dir='ltr'><strong>ignosces</strong></span> <span class='ocrx_word' id='word_1_137' title='bbox 535 1912 639 1989; x_wconf 87' lang='grc'><strong>166611,</strong></span> <span class='ocrx_word' id='word_1_138' title='bbox 657 1911 749 1970; x_wconf 86' lang='grc'><strong>116616</strong></span> <span class='ocrx_word' id='word_1_139' title='bbox 768 1914 799 1968; x_wconf 89' lang='grc'><strong>61</strong></span> <span class='ocrx_word' id='word_1_140' title='bbox 812 1910 925 1988; x_wconf 68' lang='lat' dir='ltr'><strong>sincera</strong></span> <span class='ocrx_word' id='word_1_141' title='bbox 936 1914 993 1972; x_wconf 88' lang='lat' dir='ltr'><strong>tide</strong></span> <span class='ocrx_word' id='word_1_142' title='bbox 1007 1916 1129 1974; x_wconf 87' lang='lat' dir='ltr'><strong>affirmat</strong></span> <span class='ocrx_word' id='word_1_143' title='bbox 1149 1910 1199 1998; x_wconf 79' lang='grc'><strong>·)1</strong></span> 
     </span>
     <span class='ocr_line' id='line_1_22' title="bbox 209 1994 1261 2085; baseline 0 -23"><span class='ocrx_word' id='word_1_144' title='bbox 209 1997 410 2076; x_wconf 76' lang='lat' dir='ltr'><strong>Praetextatus</strong></span> <span class='ocrx_word' id='word_1_145' title='bbox 440 2004 562 2063; x_wconf 79' lang='lat' dir='ltr'><strong>nomam</strong></span> <span class='ocrx_word' id='word_1_146' title='bbox 586 2003 727 2063; x_wconf 87' lang='lat' dir='ltr'><strong>deductus</strong></span> <span class='ocrx_word' id='word_1_147' title='bbox 758 2005 803 2060; x_wconf 91' lang='lat' dir='ltr'><strong>est</strong></span> <span class='ocrx_word' id='word_1_148' title='bbox 822 2001 869 2085; x_wconf 77' lang='lat'><strong>⁹),</strong></span> <span class='ocrx_word' id='word_1_149' title='bbox 898 1999 1021 2064; x_wconf 83' lang='lat' dir='ltr'><strong>fortasse</strong></span> <span class='ocrx_word' id='word_1_150' title='bbox 1050 2006 1199 2081; x_wconf 83' lang='lat' dir='ltr'><strong>septemsis</strong></span> <span class='ocrx_word' id='word_1_151' title='bbox 1256 1994 1261 2000; x_wconf 47' lang='lat'><strong>⁴</strong></span> 
     </span>
    </p>
   </div>
   <div class='ocr_carea' id='block_1_6' title="bbox 208 2127 408 2142">
    <p class='ocr_par' dir='ltr' id='par_1_8' title="bbox 208 2127 408 2142">
     <span class='ocr_line' id='line_1_23' title="bbox 208 2127 408 2142; baseline 0.01 -2"><span class='ocrx_word' id='word_1_152' title='bbox 208 2127 408 2142; x_wconf 52' lang='lat'><strong>*—</strong></span> 
     </span>
    </p>
   </div>
   <div class='ocr_carea' id='block_1_7' title="bbox 210 2163 1267 2328">
    <p class='ocr_par' dir='ltr' id='par_1_9' title="bbox 210 2163 1267 2328">
     <span class='ocr_line' id='line_1_24' title="bbox 277 2163 1267 2261; baseline -0.001 -15"><span class='ocrx_word' id='word_1_153' title='bbox 277 2195 307 2259; x_wconf 87' lang='grc'><strong>6)</strong></span> <span class='ocrx_word' id='word_1_154' title='bbox 323 2195 425 2246; x_wconf 84' lang='lat' dir='ltr'><strong>Praeter</strong></span> <span class='ocrx_word' id='word_1_155' title='bbox 440 2197 569 2261; x_wconf 72' lang='lat' dir='ltr'><strong>magistros</strong></span> <span class='ocrx_word' id='word_1_156' title='bbox 583 2197 704 2247; x_wconf 83' lang='grc'><strong>1116161161</strong></span> <span class='ocrx_word' id='word_1_157' title='bbox 720 2200 816 2246; x_wconf 86' lang='lat' dir='ltr'><strong>constet</strong></span> <span class='ocrx_word' id='word_1_158' title='bbox 831 2163 896 2260; x_wconf 82' lang='lat' dir='ltr'><strong>apud</strong></span> <span class='ocrx_word' id='word_1_159' title='bbox 912 2197 1032 2247; x_wconf 82' lang='lat' dir='ltr'><strong>Romanos</strong></span> <span class='ocrx_word' id='word_1_160' title='bbox 1044 2211 1139 2247; x_wconf 88' lang='grc'><strong>6161616</strong></span> <span class='ocrx_word' id='word_1_161' title='bbox 1155 2210 1199 2246; x_wconf 87' lang='grc'><strong>66-</strong></span> <span class='ocrx_word' id='word_1_162' title='bbox 1264 2199 1267 2206; x_wconf 82' lang='lat'><em>&#39;</em></span> 
     </span>
     <span class='ocr_line' id='line_1_25' title="bbox 210 2263 1199 2328; baseline 0.001 -18"><span class='ocrx_word' id='word_1_163' title='bbox 210 2273 262 2310; x_wconf 84' lang='lat' dir='ltr'><strong>ram</strong></span> <span class='ocrx_word' id='word_1_164' title='bbox 272 2277 398 2325; x_wconf 87' lang='lat' dir='ltr'><strong>puerorum</strong></span> <span class='ocrx_word' id='word_1_165' title='bbox 413 2265 518 2326; x_wconf 80' lang='lat' dir='ltr'><strong>gessisse</strong></span> <span class='ocrx_word' id='word_1_166' title='bbox 534 2266 671 2328; x_wconf 83' lang='lat' dir='ltr'><strong>plerumque</strong></span> <span class='ocrx_word' id='word_1_167' title='bbox 686 2278 779 2324; x_wconf 85' lang='lat' dir='ltr'><strong>servos,</strong></span> <span class='ocrx_word' id='word_1_168' title='bbox 794 2264 835 2326; x_wconf 87' lang='lat' dir='ltr'><strong>qui</strong></span> <span class='ocrx_word' id='word_1_169' title='bbox 851 2264 993 2314; x_wconf 80' lang='lat' dir='ltr'><strong>dicebantur</strong></span> <span class='ocrx_word' id='word_1_170' title='bbox 1003 2263 1126 2324; x_wconf 81' lang='lat' dir='ltr'><strong>custodes,</strong></span> <span class='ocrx_word' id='word_1_171' title='bbox 1139 2278 1199 2327; x_wconf 87' lang='lat' dir='ltr'><strong>pse-</strong></span> 
     </span>
    </p>
   </div>
   <div class='ocr_carea' id='block_1_8' title="bbox 171 2327 1200 2393">
    <p class='ocr_par' dir='ltr' id='par_1_10' title="bbox 171 2327 1200 2393">
     <span class='ocr_line' id='line_1_26' title="bbox 171 2327 1200 2393; baseline 0.002 -16"><span class='ocrx_word' id='word_1_172' title='bbox 171 2358 173 2368; x_wconf 58' lang='grc'><strong>.</strong></span> <span class='ocrx_word' id='word_1_173' title='bbox 210 2327 309 2391; x_wconf 84' lang='lat' dir='ltr'><strong>dsgogi.</strong></span> <span class='ocrx_word' id='word_1_174' title='bbox 330 2329 447 2391; x_wconf 80' lang='lat' dir='ltr'><strong>(Quintil.</strong></span> <span class='ocrx_word' id='word_1_175' title='bbox 462 2331 521 2379; x_wconf 78' lang='lat' dir='ltr'><strong>inst.</strong></span> <span class='ocrx_word' id='word_1_176' title='bbox 538 2345 574 2379; x_wconf 93' lang='grc'><strong>61.</strong></span> <span class='ocrx_word' id='word_1_177' title='bbox 591 2330 620 2390; x_wconf 91' lang='grc'><strong>1,</strong></span> <span class='ocrx_word' id='word_1_178' title='bbox 637 2330 665 2388; x_wconf 78' lang='grc'><strong>1.,</strong></span> <span class='ocrx_word' id='word_1_179' title='bbox 678 2330 704 2380; x_wconf 86' lang='grc'><strong>8.</strong></span> <span class='ocrx_word' id='word_1_180' title='bbox 726 2329 786 2379; x_wconf 86' lang='lat' dir='ltr'><strong>Hor.</strong></span> <span class='ocrx_word' id='word_1_181' title='bbox 804 2331 876 2392; x_wconf 79' lang='lat' dir='ltr'><strong>epist.</strong></span> <span class='ocrx_word' id='word_1_182' title='bbox 898 2331 931 2378; x_wconf 85' lang='lat' dir='ltr'><strong>sd</strong></span> <span class='ocrx_word' id='word_1_183' title='bbox 946 2331 1030 2380; x_wconf 85' lang='lat' dir='ltr'><strong>Pison.</strong></span> <span class='ocrx_word' id='word_1_184' title='bbox 1046 2329 1122 2393; x_wconf 90' lang='grc'><strong>161.)</strong></span> <span class='ocrx_word' id='word_1_185' title='bbox 1154 2328 1200 2380; x_wconf 82' lang='lat' dir='ltr'><strong>Vel</strong></span> 
     </span>
    </p>
   </div>
   <div class='ocr_carea' id='block_1_9' title="bbox 210 2395 1199 2460">
    <p class='ocr_par' dir='ltr' id='par_1_11' title="bbox 210 2395 1199 2460">
     <span class='ocr_line' id='line_1_27' title="bbox 210 2395 1199 2460; baseline 0.002 -18"><span class='ocrx_word' id='word_1_186' title='bbox 210 2398 295 2444; x_wconf 81' lang='lat' dir='ltr'><strong>aetate</strong></span> <span class='ocrx_word' id='word_1_187' title='bbox 315 2396 508 2459; x_wconf 83' lang='lat' dir='ltr'><strong>provectioribus</strong></span> <span class='ocrx_word' id='word_1_188' title='bbox 529 2410 578 2446; x_wconf 90' lang='lat' dir='ltr'><strong>non</strong></span> <span class='ocrx_word' id='word_1_189' title='bbox 594 2395 702 2445; x_wconf 84' lang='lat' dir='ltr'><strong>deerant.</strong></span> <span class='ocrx_word' id='word_1_190' title='bbox 736 2396 775 2445; x_wconf 82' lang='lat' dir='ltr'><strong>ct.</strong></span> <span class='ocrx_word' id='word_1_191' title='bbox 791 2396 932 2460; x_wconf 81' lang='lat' dir='ltr'><strong>bernberdy</strong></span> <span class='ocrx_word' id='word_1_192' title='bbox 948 2397 1033 2446; x_wconf 84' lang='lat' dir='ltr'><strong>histor.</strong></span> <span class='ocrx_word' id='word_1_193' title='bbox 1049 2397 1113 2445; x_wconf 88' lang='lat' dir='ltr'><strong>liter.</strong></span> <span class='ocrx_word' id='word_1_194' title='bbox 1129 2396 1199 2444; x_wconf 84' lang='lat' dir='ltr'><strong>Rom.</strong></span> 
     </span>
    </p>
   </div>
   <div class='ocr_carea' id='block_1_10' title="bbox 142 2457 1199 2526">
    <p class='ocr_par' dir='ltr' id='par_1_12' title="bbox 142 2457 1199 2526">
     <span class='ocr_line' id='line_1_28' title="bbox 142 2457 1199 2526; baseline 0.003 -17"><span class='ocrx_word' id='word_1_195' title='bbox 142 2473 145 2486; x_wconf 67' lang='lat'><strong>⁴</strong></span> <span class='ocrx_word' id='word_1_196' title='bbox 210 2475 236 2522; x_wconf 88' lang='lat' dir='ltr'><strong>p.</strong></span> <span class='ocrx_word' id='word_1_197' title='bbox 253 2461 286 2510; x_wconf 75' lang='lat'><strong>22</strong></span> <span class='ocrx_word' id='word_1_198' title='bbox 302 2465 328 2511; x_wconf 92' lang='lat' dir='ltr'><strong>et</strong></span> <span class='ocrx_word' id='word_1_199' title='bbox 343 2467 394 2512; x_wconf 85' lang='grc'><strong>661.</strong></span> <span class='ocrx_word' id='word_1_200' title='bbox 411 2457 452 2514; x_wconf 77' lang='grc'><strong>16.</strong></span> <span class='ocrx_word' id='word_1_201' title='bbox 486 2463 598 2513; x_wconf 77' lang='lat' dir='ltr'><strong>Selium</strong></span> <span class='ocrx_word' id='word_1_202' title='bbox 615 2462 717 2512; x_wconf 87' lang='grc'><strong>1611616</strong></span> <span class='ocrx_word' id='word_1_203' title='bbox 734 2461 894 2524; x_wconf 81' lang='lat' dir='ltr'><strong>(Gesclriclrte</strong></span> <span class='ocrx_word' id='word_1_204' title='bbox 911 2464 935 2512; x_wconf 96' lang='grc'><strong>6.</strong></span> <span class='ocrx_word' id='word_1_205' title='bbox 951 2463 1104 2526; x_wconf 79' lang='lat' dir='ltr'><strong>Erziebung)</strong></span> <span class='ocrx_word' id='word_1_206' title='bbox 1120 2463 1199 2512; x_wconf 80' lang='lat' dir='ltr'><strong>vell.</strong></span> 
     </span>
    </p>
   </div>
   <div class='ocr_carea' id='block_1_11' title="bbox 211 2517 474 2593">
    <p class='ocr_par' dir='ltr' id='par_1_13' title="bbox 211 2517 474 2593">
     <span class='ocr_line' id='line_1_29' title="bbox 211 2517 474 2593; baseline 0.004 -14"><span class='ocrx_word' id='word_1_207' title='bbox 211 2541 235 2590; x_wconf 78' lang='lat' dir='ltr'><strong>p.</strong></span> <span class='ocrx_word' id='word_1_208' title='bbox 252 2529 302 2588; x_wconf 79' lang='lat' dir='ltr'><strong>sss</strong></span> <span class='ocrx_word' id='word_1_209' title='bbox 318 2527 370 2590; x_wconf 77' lang='lat' dir='ltr'><strong>(ec</strong></span> <span class='ocrx_word' id='word_1_210' title='bbox 386 2517 474 2593; x_wconf 85' lang='lat' dir='ltr'><strong>1sts).</strong></span> 
     </span>
    </p>
   </div>
   <div class='ocr_carea' id='block_1_12' title="bbox 212 2625 1200 3154">
    <p class='ocr_par' dir='ltr' id='par_1_14' title="bbox 212 2625 1200 3154">
     <span class='ocr_line' id='line_1_30' title="bbox 277 2625 1200 2694; baseline 0.003 -19"><span class='ocrx_word' id='word_1_211' title='bbox 277 2625 475 2688; x_wconf 74' lang='grc'><strong>7)(166111611616</strong></span> <span class='ocrx_word' id='word_1_212' title='bbox 492 2627 609 2680; x_wconf 85' lang='grc'><strong>66666661</strong></span> <span class='ocrx_word' id='word_1_213' title='bbox 626 2628 742 2678; x_wconf 87' lang='lat' dir='ltr'><strong>rationem</strong></span> <span class='ocrx_word' id='word_1_214' title='bbox 758 2626 884 2694; x_wconf 82' lang='lat' dir='ltr'><strong>praedicet</strong></span> <span class='ocrx_word' id='word_1_215' title='bbox 899 2626 989 2678; x_wconf 71' lang='lat' dir='ltr'><strong>lines</strong></span> <span class='ocrx_word' id='word_1_216' title='bbox 1005 2641 1080 2678; x_wconf 84' lang='lat' dir='ltr'><strong>senex</strong></span> <span class='ocrx_word' id='word_1_217' title='bbox 1101 2629 1127 2678; x_wconf 91' lang='lat' dir='ltr'><strong>iu</strong></span> <span class='ocrx_word' id='word_1_218' title='bbox 1149 2627 1200 2678; x_wconf 87' lang='lat' dir='ltr'><strong>Te·</strong></span> 
     </span>
     <span class='ocr_line' id='line_1_31' title="bbox 212 2691 598 2759; baseline 0.023 -20"><span class='ocrx_word' id='word_1_219' title='bbox 212 2693 275 2750; x_wconf 83' lang='lat' dir='ltr'><strong>rent.</strong></span> <span class='ocrx_word' id='word_1_220' title='bbox 291 2691 432 2759; x_wconf 64' lang='grc'><strong>16616166,</strong></span> <span class='ocrx_word' id='word_1_221' title='bbox 448 2696 472 2744; x_wconf 77' lang='lat' dir='ltr'><strong>t.</strong></span> <span class='ocrx_word' id='word_1_222' title='bbox 489 2697 521 2745; x_wconf 80' lang='grc'><strong>69</strong></span> <span class='ocrx_word' id='word_1_223' title='bbox 538 2712 574 2759; x_wconf 85' lang='lat' dir='ltr'><strong>sq·</strong></span> <span class='ocrx_word' id='word_1_224' title='bbox 591 2732 598 2748; x_wconf 80' lang='grc'><strong>.</strong></span> 
     </span>
     <span class='ocr_line' id='line_1_32' title="bbox 419 2759 859 2824; baseline -0.014 -8"><span class='ocrx_word' id='word_1_225' title='bbox 419 2806 426 2816; x_wconf 94' lang='grc'><strong>.</strong></span> <span class='ocrx_word' id='word_1_226' title='bbox 558 2788 592 2799; x_wconf 95' lang='grc'><strong>-</strong></span> <span class='ocrx_word' id='word_1_227' title='bbox 608 2787 642 2799; x_wconf 91' lang='lat'><em>-</em></span> <span class='ocrx_word' id='word_1_228' title='bbox 657 2787 691 2799; x_wconf 87' lang='lat'><em>-</em></span> <span class='ocrx_word' id='word_1_229' title='bbox 706 2759 747 2824; x_wconf 71' lang='lat' dir='ltr'><strong>stt</strong></span> <span class='ocrx_word' id='word_1_230' title='bbox 763 2759 859 2810; x_wconf 85' lang='lat' dir='ltr'><strong>sedulo:</strong></span> 
     </span>
     <span class='ocr_line' id='line_1_33' title="bbox 362 2823 900 2889; baseline -0.004 -13"><span class='ocrx_word' id='word_1_231' title='bbox 362 2825 403 2876; x_wconf 85' lang='lat' dir='ltr'><strong>Nil</strong></span> <span class='ocrx_word' id='word_1_232' title='bbox 419 2823 598 2887; x_wconf 84' lang='lat' dir='ltr'><strong>praetermitto:</strong></span> <span class='ocrx_word' id='word_1_233' title='bbox 615 2827 779 2878; x_wconf 82' lang='lat' dir='ltr'><strong>consuefacio:</strong></span> <span class='ocrx_word' id='word_1_234' title='bbox 796 2828 900 2889; x_wconf 90' lang='lat' dir='ltr'><strong>denique</strong></span> 
     </span>
     <span class='ocr_line' id='line_1_34' title="bbox 362 2889 1052 2957; baseline -0.004 -15"><span class='ocrx_word' id='word_1_235' title='bbox 362 2893 495 2955; x_wconf 83' lang='lat' dir='ltr'><strong>Inspicere,</strong></span> <span class='ocrx_word' id='word_1_236' title='bbox 511 2897 624 2957; x_wconf 82' lang='lat' dir='ltr'><strong>tanquam</strong></span> <span class='ocrx_word' id='word_1_237' title='bbox 639 2895 664 2942; x_wconf 89' lang='lat' dir='ltr'><strong>iu</strong></span> <span class='ocrx_word' id='word_1_238' title='bbox 680 2894 810 2957; x_wconf 88' lang='lat' dir='ltr'><strong>speculum,</strong></span> <span class='ocrx_word' id='word_1_239' title='bbox 826 2894 851 2942; x_wconf 92' lang='lat' dir='ltr'><strong>in</strong></span> <span class='ocrx_word' id='word_1_240' title='bbox 868 2892 933 2941; x_wconf 88' lang='lat' dir='ltr'><strong>vitas</strong></span> <span class='ocrx_word' id='word_1_241' title='bbox 949 2889 1052 2940; x_wconf 89' lang='lat' dir='ltr'><strong>omnium</strong></span> 
     </span>
     <span class='ocr_line' id='line_1_35' title="bbox 360 2957 986 3022; baseline -0.006 -14"><span class='ocrx_word' id='word_1_242' title='bbox 360 2959 449 3008; x_wconf 74' lang='lat' dir='ltr'><strong>iubeo:</strong></span> <span class='ocrx_word' id='word_1_243' title='bbox 465 2961 539 3022; x_wconf 88' lang='lat' dir='ltr'><strong>atque</strong></span> <span class='ocrx_word' id='word_1_244' title='bbox 555 2973 586 3008; x_wconf 81' lang='grc'><strong>61</strong></span> <span class='ocrx_word' id='word_1_245' title='bbox 602 2961 657 3009; x_wconf 84' lang='lat' dir='ltr'><strong>aliis</strong></span> <span class='ocrx_word' id='word_1_246' title='bbox 673 2973 767 3010; x_wconf 86' lang='lat' dir='ltr'><strong>sumere</strong></span> <span class='ocrx_word' id='word_1_247' title='bbox 783 2958 916 3022; x_wconf 83' lang='lat' dir='ltr'><strong>exemplum</strong></span> <span class='ocrx_word' id='word_1_248' title='bbox 931 2957 986 3005; x_wconf 87' lang='lat' dir='ltr'><strong>sibi.</strong></span> 
     </span>
     <span class='ocr_line' id='line_1_36' title="bbox 361 3024 839 3088; baseline 0 -14"><span class='ocrx_word' id='word_1_249' title='bbox 361 3024 433 3085; x_wconf 85' lang='lat' dir='ltr'><strong>„Hoc</strong></span> <span class='ocrx_word' id='word_1_250' title='bbox 448 3025 546 3075; x_wconf 79' lang='lat' dir='ltr'><strong>facito.&#39;&#39;</strong></span> <span class='ocrx_word' id='word_1_251' title='bbox 561 3051 595 3063; x_wconf 90' lang='lat'>-</span> <span class='ocrx_word' id='word_1_252' title='bbox 611 3027 673 3087; x_wconf 85' lang='lat' dir='ltr'><strong>„boc</strong></span> <span class='ocrx_word' id='word_1_253' title='bbox 688 3027 788 3088; x_wconf 82' lang='lat' dir='ltr'><strong>tngltc.”</strong></span> <span class='ocrx_word' id='word_1_254' title='bbox 803 3051 839 3062; x_wconf 95' lang='lat'><em>-</em></span> 
     </span>
     <span class='ocr_line' id='line_1_37' title="bbox 360 3089 954 3154; baseline -0.003 -13"><span class='ocrx_word' id='word_1_255' title='bbox 360 3091 432 3151; x_wconf 87' lang='lat' dir='ltr'><strong>„Hoc</strong></span> <span class='ocrx_word' id='word_1_256' title='bbox 446 3092 512 3143; x_wconf 89' lang='grc'><strong>16661</strong></span> <span class='ocrx_word' id='word_1_257' title='bbox 528 3093 590 3142; x_wconf 83' lang='grc'><strong>611.”</strong></span> <span class='ocrx_word' id='word_1_258' title='bbox 605 3118 639 3144; x_wconf 88' lang='grc'><strong>-.</strong></span> <span class='ocrx_word' id='word_1_259' title='bbox 654 3117 689 3131; x_wconf 90' lang='lat'><strong>···</strong></span> <span class='ocrx_word' id='word_1_260' title='bbox 704 3093 767 3154; x_wconf 86' lang='lat' dir='ltr'><strong>„boe</strong></span> <span class='ocrx_word' id='word_1_261' title='bbox 781 3093 843 3142; x_wconf 89' lang='lat' dir='ltr'><strong>sitio</strong></span> <span class='ocrx_word' id='word_1_262' title='bbox 860 3089 954 3140; x_wconf 84' lang='lat' dir='ltr'><strong>dstur.”</strong></span> 
     </span>
    </p>
   </div>
   <div class='ocr_carea' id='block_1_13' title="bbox 213 3185 1201 3590">
    <p class='ocr_par' dir='ltr' id='par_1_15' title="bbox 213 3185 1201 3385">
     <span class='ocr_line' id='line_1_38' title="bbox 280 3185 1201 3257; baseline 0 -21"><span class='ocrx_word' id='word_1_263' title='bbox 280 3185 311 3250; x_wconf 82' lang='grc'><strong>8)</strong></span> <span class='ocrx_word' id='word_1_264' title='bbox 327 3187 380 3237; x_wconf 78' lang='lat' dir='ltr'><strong>Sat.</strong></span> <span class='ocrx_word' id='word_1_265' title='bbox 391 3189 416 3248; x_wconf 91' lang='grc'><strong>1,</strong></span> <span class='ocrx_word' id='word_1_266' title='bbox 432 3190 457 3242; x_wconf 81' lang='grc'><strong>1.</strong></span> <span class='ocrx_word' id='word_1_267' title='bbox 474 3191 523 3242; x_wconf 76' lang='lat'><strong>129</strong></span> <span class='ocrx_word' id='word_1_268' title='bbox 538 3207 576 3257; x_wconf 87' lang='lat' dir='ltr'><strong>sq.</strong></span> <span class='ocrx_word' id='word_1_269' title='bbox 592 3217 623 3234; x_wconf 83' lang='lat'><strong>·-</strong></span> <span class='ocrx_word' id='word_1_270' title='bbox 641 3191 703 3240; x_wconf 76' lang='grc'><strong>1661</strong></span> <span class='ocrx_word' id='word_1_271' title='bbox 719 3191 783 3241; x_wconf 79' lang='lat' dir='ltr'><strong>Ptin.</strong></span> <span class='ocrx_word' id='word_1_272' title='bbox 799 3191 871 3254; x_wconf 81' lang='lat' dir='ltr'><strong>epist</strong></span> <span class='ocrx_word' id='word_1_273' title='bbox 888 3188 913 3248; x_wconf 81' lang='grc'><strong>4,</strong></span> <span class='ocrx_word' id='word_1_274' title='bbox 929 3187 972 3246; x_wconf 81' lang='grc'><strong>16.</strong></span> <span class='ocrx_word' id='word_1_275' title='bbox 988 3187 1052 3249; x_wconf 85' lang='lat' dir='ltr'><strong>„Ubi</strong></span> <span class='ocrx_word' id='word_1_276' title='bbox 1075 3187 1137 3237; x_wconf 86' lang='lat' dir='ltr'><strong>enirn</strong></span> <span class='ocrx_word' id='word_1_277' title='bbox 1158 3191 1201 3236; x_wconf 83' lang='lat' dir='ltr'><strong>aut</strong></span> 
     </span>
     <span class='ocr_line' id='line_1_39' title="bbox 213 3251 1200 3324; baseline 0.005 -26"><span class='ocrx_word' id='word_1_278' title='bbox 213 3251 341 3312; x_wconf 77' lang='lat' dir='ltr'><strong>jucundius</strong></span> <span class='ocrx_word' id='word_1_279' title='bbox 357 3260 506 3306; x_wconf 86' lang='lat' dir='ltr'><strong>morarentur</strong></span> <span class='ocrx_word' id='word_1_280' title='bbox 521 3273 591 3322; x_wconf 86' lang='lat' dir='ltr'><strong>quarn</strong></span> <span class='ocrx_word' id='word_1_281' title='bbox 607 3259 632 3308; x_wconf 89' lang='lat' dir='ltr'><strong>iu</strong></span> <span class='ocrx_word' id='word_1_282' title='bbox 648 3259 736 3322; x_wconf 79' lang='lat' dir='ltr'><strong>petris,</strong></span> <span class='ocrx_word' id='word_1_283' title='bbox 752 3261 795 3307; x_wconf 88' lang='lat' dir='ltr'><strong>ant</strong></span> <span class='ocrx_word' id='word_1_284' title='bbox 805 3256 915 3320; x_wconf 87' lang='lat' dir='ltr'><strong>pudicius</strong></span> <span class='ocrx_word' id='word_1_285' title='bbox 927 3256 1114 3324; x_wconf 67' lang='lat' dir='ltr'><strong>contuerentur,</strong></span> <span class='ocrx_word' id='word_1_286' title='bbox 1130 3269 1200 3321; x_wconf 81' lang='lat' dir='ltr'><strong>quem</strong></span> 
     </span>
     <span class='ocr_line' id='line_1_40' title="bbox 216 3318 856 3385; baseline 0.008 -19"><span class='ocrx_word' id='word_1_287' title='bbox 216 3318 261 3367; x_wconf 91' lang='lat' dir='ltr'><strong>sub</strong></span> <span class='ocrx_word' id='word_1_288' title='bbox 278 3320 354 3384; x_wconf 83' lang='lat' dir='ltr'><strong>oculis</strong></span> <span class='ocrx_word' id='word_1_289' title='bbox 369 3321 524 3385; x_wconf 84' lang='lat' dir='ltr'><strong>paseutusut&#39;&#39;</strong></span> <span class='ocrx_word' id='word_1_290' title='bbox 547 3327 572 3372; x_wconf 88' lang='grc'><strong>61</strong></span> <span class='ocrx_word' id='word_1_291' title='bbox 587 3323 647 3374; x_wconf 84' lang='lat' dir='ltr'><strong>Hor.</strong></span> <span class='ocrx_word' id='word_1_292' title='bbox 663 3323 717 3372; x_wconf 80' lang='lat' dir='ltr'><strong>Sat.</strong></span> <span class='ocrx_word' id='word_1_293' title='bbox 732 3322 757 3382; x_wconf 89' lang='grc'><strong>1,</strong></span> <span class='ocrx_word' id='word_1_294' title='bbox 774 3323 798 3373; x_wconf 87' lang='grc'><strong>6.</strong></span> <span class='ocrx_word' id='word_1_295' title='bbox 815 3322 856 3378; x_wconf 72' lang='grc'><strong>82,</strong></span> 
     </span>
    </p>

    <p class='ocr_par' dir='ltr' id='par_1_16' title="bbox 213 3387 1064 3590">
     <span class='ocr_line' id='line_1_41' title="bbox 609 3387 1000 3453; baseline -0.005 -13"><span class='ocrx_word' id='word_1_296' title='bbox 609 3415 642 3428; x_wconf 94' lang='lat'><strong>·-</strong></span> <span class='ocrx_word' id='word_1_297' title='bbox 657 3414 693 3425; x_wconf 95' lang='lat'><em>-</em></span> <span class='ocrx_word' id='word_1_298' title='bbox 708 3388 771 3441; x_wconf 79' lang='lat' dir='ltr'><strong>Quid</strong></span> <span class='ocrx_word' id='word_1_299' title='bbox 785 3387 874 3437; x_wconf 79' lang='lat' dir='ltr'><strong>multat</strong></span> <span class='ocrx_word' id='word_1_300' title='bbox 889 3388 1000 3453; x_wconf 89' lang='lat' dir='ltr'><strong>pudicum</strong></span> 
     </span>
     <span class='ocr_line' id='line_1_42' title="bbox 213 3452 1004 3519; baseline -0.004 -12"><span class='ocrx_word' id='word_1_301' title='bbox 213 3491 216 3499; x_wconf 82' lang='lat'>·</span> <span class='ocrx_word' id='word_1_302' title='bbox 322 3469 326 3491; x_wconf 57' lang='lat' dir='ltr'><strong>t</strong></span> <span class='ocrx_word' id='word_1_303' title='bbox 364 3452 428 3513; x_wconf 74' lang='lat' dir='ltr'><strong>(Qut</strong></span> <span class='ocrx_word' id='word_1_304' title='bbox 444 3455 534 3519; x_wconf 82' lang='lat' dir='ltr'><strong>primus</strong></span> <span class='ocrx_word' id='word_1_305' title='bbox 549 3455 646 3507; x_wconf 84' lang='lat' dir='ltr'><strong>virtutis</strong></span> <span class='ocrx_word' id='word_1_306' title='bbox 661 3454 755 3519; x_wconf 68' lang='lat' dir='ltr'><strong>bonoso</strong></span> <span class='ocrx_word' id='word_1_307' title='bbox 770 3456 880 3516; x_wconf 75' lang='lat' dir='ltr'><strong>sepserit</strong></span> <span class='ocrx_word' id='word_1_308' title='bbox 893 3456 925 3504; x_wconf 86' lang='lat' dir='ltr'><strong>sb</strong></span> <span class='ocrx_word' id='word_1_309' title='bbox 941 3455 1004 3504; x_wconf 89' lang='lat' dir='ltr'><strong>omni</strong></span> 
     </span>
     <span class='ocr_line' id='line_1_43' title="bbox 366 3519 1064 3590; baseline 0.001 -21"><span class='ocrx_word' id='word_1_310' title='bbox 366 3519 422 3570; x_wconf 87' lang='lat' dir='ltr'><strong>Nou</strong></span> <span class='ocrx_word' id='word_1_311' title='bbox 438 3521 513 3572; x_wconf 89' lang='lat' dir='ltr'><strong>solnm</strong></span> <span class='ocrx_word' id='word_1_312' title='bbox 529 3523 602 3584; x_wconf 85' lang='lat' dir='ltr'><strong>tacto,</strong></span> <span class='ocrx_word' id='word_1_313' title='bbox 618 3531 701 3571; x_wconf 88' lang='lat' dir='ltr'><strong>verum</strong></span> <span class='ocrx_word' id='word_1_314' title='bbox 716 3521 844 3586; x_wconf 88' lang='lat' dir='ltr'><strong>opprobrio</strong></span> <span class='ocrx_word' id='word_1_315' title='bbox 861 3521 1064 3590; x_wconf 53' lang='grc' dir='ltr'><strong>6666661611ιί.Ἰ</strong></span> 
     </span>
    </p>
   </div>
   <div class='ocr_carea' id='block_1_14' title="bbox 188 3599 1211 3684">
    <p class='ocr_par' dir='ltr' id='par_1_17' title="bbox 188 3599 1211 3684">
     <span class='ocr_line' id='line_1_44' title="bbox 188 3599 1211 3684; baseline 0.001 -18"><span class='ocrx_word' id='word_1_316' title='bbox 188 3631 193 3636; x_wconf 92' lang='lat'><em>·</em></span> <span class='ocrx_word' id='word_1_317' title='bbox 283 3607 313 3682; x_wconf 88' lang='lat' dir='ltr'><strong>s)</strong></span> <span class='ocrx_word' id='word_1_318' title='bbox 329 3618 368 3668; x_wconf 83' lang='grc'><strong>61</strong></span> <span class='ocrx_word' id='word_1_319' title='bbox 386 3620 456 3683; x_wconf 77' lang='lat' dir='ltr'><strong>epist</strong></span> <span class='ocrx_word' id='word_1_320' title='bbox 473 3623 503 3682; x_wconf 88' lang='lat' dir='ltr'><strong>s,</strong></span> <span class='ocrx_word' id='word_1_321' title='bbox 520 3621 545 3670; x_wconf 89' lang='lat' dir='ltr'><strong>s.</strong></span> <span class='ocrx_word' id='word_1_322' title='bbox 563 3621 603 3671; x_wconf 83' lang='lat' dir='ltr'><strong>ss.</strong></span> <span class='ocrx_word' id='word_1_323' title='bbox 635 3621 728 3670; x_wconf 73' lang='lat' dir='ltr'><strong>nomas</strong></span> <span class='ocrx_word' id='word_1_324' title='bbox 743 3621 862 3670; x_wconf 73' lang='lat' dir='ltr'><strong>nutriet</strong></span> <span class='ocrx_word' id='word_1_325' title='bbox 884 3619 941 3669; x_wconf 80' lang='grc'><strong>...61</strong></span> <span class='ocrx_word' id='word_1_326' title='bbox 963 3621 1073 3684; x_wconf 76' lang='lat' dir='ltr'><strong>contigit.</strong></span> <span class='ocrx_word' id='word_1_327' title='bbox 1105 3620 1159 3669; x_wconf 73' lang='lat' dir='ltr'><strong>sat.</strong></span> <span class='ocrx_word' id='word_1_328' title='bbox 1176 3599 1211 3680; x_wconf 74' lang='lat' dir='ltr'><strong>r,&#39;</strong></span> 
     </span>
    </p>
   </div>
   <div class='ocr_carea' id='block_1_15' title="bbox 216 3679 1201 3818">
    <p class='ocr_par' dir='ltr' id='par_1_18' title="bbox 216 3679 1201 3818">
     <span class='ocr_line' id='line_1_45' title="bbox 219 3679 1201 3753; baseline 0.005 -23"><span class='ocrx_word' id='word_1_329' title='bbox 219 3681 244 3731; x_wconf 89' lang='grc'><strong>6.</strong></span> <span class='ocrx_word' id='word_1_330' title='bbox 260 3679 300 3732; x_wconf 69' lang='lat' dir='ltr'><strong>tt.</strong></span> <span class='ocrx_word' id='word_1_331' title='bbox 332 3684 463 3736; x_wconf 82' lang='lat' dir='ltr'><strong>Puerum</strong></span> <span class='ocrx_word' id='word_1_332' title='bbox 479 3690 518 3736; x_wconf 89' lang='lat' dir='ltr'><strong>est</strong></span> <span class='ocrx_word' id='word_1_333' title='bbox 533 3700 606 3737; x_wconf 85' lang='lat' dir='ltr'><strong>ausus</strong></span> <span class='ocrx_word' id='word_1_334' title='bbox 623 3689 670 3736; x_wconf 88' lang='grc'><strong>661.</strong></span> <span class='ocrx_word' id='word_1_335' title='bbox 688 3687 758 3753; x_wconf 87' lang='lat' dir='ltr'><strong>epist.</strong></span> <span class='ocrx_word' id='word_1_336' title='bbox 774 3687 800 3748; x_wconf 72' lang='lat'><strong>2,</strong></span> <span class='ocrx_word' id='word_1_337' title='bbox 815 3687 840 3737; x_wconf 87' lang='lat'><strong>1.</strong></span> <span class='ocrx_word' id='word_1_338' title='bbox 856 3687 898 3737; x_wconf 77' lang='grc'><strong>711.</strong></span> <span class='ocrx_word' id='word_1_339' title='bbox 920 3687 1015 3737; x_wconf 88' lang='lat' dir='ltr'><strong>memini</strong></span> <span class='ocrx_word' id='word_1_340' title='bbox 1037 3701 1100 3752; x_wconf 80' lang='lat' dir='ltr'><strong>quse</strong></span> <span class='ocrx_word' id='word_1_341' title='bbox 1116 3687 1201 3753; x_wconf 85' lang='lat' dir='ltr'><strong>plago-</strong></span> 
     </span>
     <span class='ocr_line' id='line_1_46' title="bbox 216 3749 703 3818; baseline 0.006 -18"><span class='ocrx_word' id='word_1_342' title='bbox 216 3759 271 3818; x_wconf 62' lang='grc'><strong>666</strong></span> <span class='ocrx_word' id='word_1_343' title='bbox 286 3749 343 3801; x_wconf 81' lang='lat' dir='ltr'><strong>nito</strong></span> <span class='ocrx_word' id='word_1_344' title='bbox 359 3765 455 3816; x_wconf 83' lang='lat' dir='ltr'><strong>psrso</strong></span> <span class='ocrx_word' id='word_1_345' title='bbox 470 3753 586 3804; x_wconf 83' lang='grc'><strong>01611166</strong></span> <span class='ocrx_word' id='word_1_346' title='bbox 602 3751 703 3804; x_wconf 85' lang='grc'><strong>6161616.</strong></span> 
     </span>
    </p>
   </div>
   <div class='ocr_carea' id='block_1_16' title="bbox 564 3867 572 3910">
    <p class='ocr_par' dir='ltr' id='par_1_19' title="bbox 564 3867 572 3910">
     <span class='ocr_line' id='line_1_47' title="bbox 564 3867 572 3910; baseline 0 0"><span class='ocrx_word' id='word_1_347' title='bbox 564 3867 572 3910; x_wconf 70' lang='lat' dir='ltr'><strong>t</strong></span> 
     </span>
    </p>
   </div>
   <div class='ocr_carea' id='block_1_17' title="bbox 0 0 1412 4576">
    <p class='ocr_par' dir='ltr' id='par_1_20' title="bbox 0 0 1412 4576">
     <span class='ocr_line' id='line_1_48' title="bbox 0 0 1412 4576; baseline 0 0"><span class='ocrx_word' id='word_1_348' title='bbox 0 0 1412 4576; x_wconf 95' lang='lat' dir='ltr'><strong> </strong></span> 
     </span>
    </p>
   </div>
  </div>
 </body>
</html>
