2776 4582
599 209 838 308 *rec-4

206 405 259 483 51,
279 406 325 462 23.
362 405 406 464 lte
433 403 602 476 intelligitur
630 406 759 464 curiosos
787 406 919 464 homines
947 423 985 464 ex
1010 407 1132 472 Horatio
1160 408 1196 466 de

146 516 147 522 ¹
207 497 294 554 Dacis
313 512 372 553 non
390 499 457 563 aute
477 512 541 554 ann
556 497 620 564 723.
633 498 823 574 quaesivisse,
842 497 972 571 potuisse
991 501 1089 556 autem
1107 514 1196 573 quae·

206 603 270 646 rere
288 588 344 644 fine
363 588 392 644 h.
412 604 439 644 a.

279 678 390 735 Eodem
414 681 544 752 tempore
570 696 664 736 sermo
690 697 754 736 esse
785 679 914 754 potuerit
943 696 1063 738 necesse
1090 684 1136 738 est
1160 685 1198 740 de

204 773 340 841 praediis
362 785 444 843 quae
471 771 586 828 Caesar
608 772 753 830 militibus
774 773 951 843 promiserit
988 771 1034 830 lta
1052 788 1122 828 vero
1141 775 1197 830 est.

205 861 365 916 Nemeum
385 861 721 936 Caesarpestpugnam
745 861 896 918 Actiacam
920 864 950 918 et
974 878 1041 939 eos,
1066 863 1117 936 qui
1143 861 1197 919 sub

152 939 156 948 '
205 951 333 1008 Antonio
352 950 560 1026 militaverant,
587 955 618 1009 et
642 969 711 1009 vero
737 952 825 1010 etiam
845 969 912 1008 suos
931 951 963 1008 in
981 953 1095 1010 ltaliam
1113 952 1197 1010 dimi·

206 1041 309 1117 sisset,
328 1057 383 1098 nec
401 1042 452 1108 ulli
471 1041 628 1116 quidquam
648 1042 792 1119 dedisset,
812 1045 846 1099 ut
863 1046 953 1100 refert
971 1044 1029 1102 Dio
1050 1045 1130 1102 Cass.
1150 1044 1197 1120 51,

206 1133 245 1208 3.,
264 1133 434 1204 gravissima
452 1135 655 1190 veteranorum
674 1133 779 1191 seditio
797 1134 830 1189 in
847 1134 933 1189 ltalia
952 1137 1017 1190 erte
1030 1138 1086 1211 est,
1106 1151 1198 1208 eaque

205 1225 302 1300 tanta,
330 1226 365 1280 nt
395 1224 458 1298 ipse
483 1223 522 1280 ad
546 1240 611 1281 eam
630 1225 869 1300 compescendam
886 1224 985 1281 media
1013 1225 1109 1286 hieme
1129 1241 1198 1282 ann.

206 1313 357 1372 723-24.
377 1309 517 1395 (Dioil,
538 1314 565 1372 4.
583 1315 745 1389 μεσοῦντος
764 1316 816 1373 τοῦ
837 1315 982 1394 χειμῶνος
1001 1309 1032 1372 ἓν
1051 1302 1080 1390 qi
1096 1310 1130 1372 τὸ
1150 1317 1199 1372 τέ-

204 1423 313 1482 ταρτον
330 1401 406 1480 μετὰ
424 1403 558 1483 Μάρκου
577 1405 722 1485 Κράσσον
740 1398 842 1489 ἦρχεν)
868 1425 906 1464 ex
923 1408 995 1465 Asia
1013 1404 1198 1469 Brundisium

205 1499 352 1570 profectus
371 1497 470 1569 ibique
490 1500 681 1553 commoratus
708 1498 762 1571 sit,
789 1497 880 1554 donec
906 1497 1051 1554 desideria
1074 1497 1216 1574 militum¹

205 1589 342 1661 explevit.
365 1588 447 1653 ·Qua
477 1587 590 1647 ratione
617 1587 827 1660 stipendiorum
852 1587 982 1659 praemia
1006 1586 1043 1643 iis
1069 1588 1197 1663 solverit,

206 1678 343 1735 discimus
363 1693 401 1732 cx
419 1676 506 1733 Dion.
528 1677 608 1734 Cass.
628 1677 675 1753 51,
695 1677 738 1734 da
763 1679 813 1734 uui
837 1675 935 1736 αὐτῶν
954 1675 971 1734 ὁ
990 1675 1111 1758 Καῖσαρ
1136 1680 1200 1748 τοῖς
1267 1711 1275 1723 ·

196 1763 260 1842 Ιμὲν
279 1763 380 1838 ἄλλοις
395 1765 535 1845 χρήματα
554 1761 659 1839 ἔδωκε,
685 1769 750 1838 ταῖς
775 1762 808 1848 δὲ
833 1763 882 1826 διὰ
910 1765 1021 1840 παντὸς
1040 1767 1125 1845 αὐτῷ
1142 1782 1197 1826 συ-

206 1862 406 1937 στρατεύσασι
424 1861 486 1916 καί
510 1853 575 1934 γῆν
598 1849 840 1941 προσκατένειμε.
865 1855 951 1930 τοὺς
969 1855 1038 1940 γὰρ
1058 1855 1200 1934 δήμους

93 2015 95 2034 Ι
206 1946 293 2020 τούς
317 1945 354 2008 ἒν
377 1949 568 2035 τῇἸταλία
587 1948 673 2021 τούς
692 1948 735 2016 τὰ
755 1951 820 2008 τοῦ
835 1947 1044 2038 ΙἈντωνίου
1064 1947 1200 2030 φρονή-

207 2045 346 2112 σαντας
370 2037 579 2118 ἐξοικίσας,
601 2042 681 2112 τοῖς
701 2040 767 2116 μὲν
789 2043 1046 2118 στρατιώταις
1070 2046 1198 2112 ταςτε
1242 2103 1244 2108 ,

207 2132 340 2208 πόλεις
357 2135 419 2189 καὶ
437 2129 610 2209 τὰχωρία
622 2126 976 2210 αὐτῶνέχαρίσατο.
989 2126 1104 2196 ἐκείνων
1116 2126 1150 2189 δὲ
1162 2127 1199 2204 δὴ

206 2223 268 2292 τοῖς
294 2221 350 2295 μὲν
380 2221 498 2280 πλείοσι
528 2225 606 2299 τάμε
624 2217 807 2301 Δορῤιίχιον,
841 2222 892 2278 καί
919 2216 988 2290 τούς
1019 2218 1199 2292 Φιλίππους,

123 2313 125 2320 ’
207 2309 285 2370 ἄλλα
304 2331 335 2369 τε
354 2307 479 2370 ἐποικεῒν
503 2306 660 2380 ἀντέδωκε,
686 2313 749 2382 τοῖς
773 2307 807 2370 δὲ
831 2311 949 2382 λοιποῖς
974 2309 1115 2392 ἀργύριον
1134 2310 1200 2370 ἀντί

206 2403 257 2476 τῆς
271 2402 374 2482 χώρας
392 2400 427 2462 τὸ
445 2403 500 2480 μὲν
525 2401 635 2480 ἔνειμε,
660 2400 695 2461 τὸ
721 2399 749 2462 δ’
774 2402 930 2480 ὑπέσχετο.
956 2399 1049 2481 συχνὰ
1067 2403 1122 2479 μὲν
1141 2401 1199 2484 γὰρ

207 2497 257 2576 καί
276 2491 306 2553 ἓκ
324 2496 375 2568 τῆς
393 2499 471 2569 νίκης
489 2491 629 2568 ἐκτήσατο
631 2538 644 2566 ,
660 2490 768 2574 πολλῷ
786 2488 819 2552 δὲ
837 2491 881 2552 ἔτι
898 2487 1001 2554 uteie
1012 2494 1200 2572 duplicans-a

207 2588 306 2644 Rebus
329 2589 372 2643 ita
397 2588 563 2662 compositis
591 2590 659 2663 post
682 2587 802 2658 triginta
827 2586 890 2644 dies
914 2579 1026 2663 (Dione
1051 2589 1127 2644 teste
1152 2588 1199 2662 51,

208 2672 269 2758 5.),
289 2680 340 2733 aut
363 2681 431 2751 post
459 2683 570 2754 septem
598 2682 629 2734 et
656 2678 760 2749 viginti
788 2670 922 2759 (sueton.
949 2679 1050 2736 Oetev.
1077 2672 1139 2758 17.)
1167 2677 1200 2734 in

170 2807 171 2810 η
207 2769 310 2826 Asiam
328 2768 477 2825 celerrime
501 2771 634 2826 revectds
660 2771 713 2825 est.
751 2770 818 2827 Jem
848 2787 914 2826 eum
944 2770 1008 2824 loeo
1037 2768 1200 2836 Horatiano

209 2860 330 2935 praedia
355 2860 487 2918 dicantur
508 2864 676 2935 promisca,
706 2863 838 2918 necdum
867 2863 956 2934 datu,
987 2855 1108 2917 dubium
1133 2875 1199 2934 esse

208 2953 310 3024 nequit
329 2952 399 3026 quin
418 2953 508 3013 satira
526 2955 587 3008 tum
606 2951 714 3025 scripta
733 2951 877 3026 sit,'cu1n
897 2948 1008 3005 dimissi
1026 2950 1133 3008 milites
1153 2953 1199 3012 tu-

208 3043 419 3102 multuarentur
436 3045 466 3102 h.
485 3062 511 3102 e.
530 3043 646 3102 labente
665 3060 692 3101 e.
711 3039 775 3099 723.
795 3043 866 3099 Jure
884 3042 982 3098 autem
999 3040 1122 3098 Romani
1138 3042 1198 3096 Ho-

121 3147 130 3170 ‘
208 3134 315 3190 ratium
338 3136 517 3208 interrogare
543 3138 693 3211 poterant,
719 3134 879 3192 Siculamne
904 3146 943 3188 an
965 3132 1068 3190 italam
1091 3135 1199 3190 terram

210 3223 384 3282 Octavianus
403 3227 542 3284 militibus
562 3226 680 3289 daturus
701 3228 793 3300 esset,
818 3225 841 3280 ii
858 3223 1007 3300 inprimis,
1033 3223 1083 3297 qui
1106 3223 1197 3280 Anto·

204 3315 304 3396 ,nianis
328 3318 458 3388 partibus
484 3321 630 3394 laverant,
661 3317 758 3376 lundis
782 3314 842 3370 suis
868 3315 1004 3373 timentes
1024 3318 1055 3370 et
1078 3326 1196 3388 praese·

210 3407 322 3478 gientes
341 3407 416 3466 mala
435 3407 493 3484 illa,
514 3426 588 3483 quae
606 3425 683 3466 nove
701 3421 834 3477 agrorum
854 3405 996 3491 divisione
1009 3406 1198 3462 factareucru

91 3483 114 3544 .‘
209 3497 455 3572 perpetiebantur.

218 3644 222 3650 .
284 3589 417 3662 Denique
442 3605 469 3646 a.
494 3590 559 3648 723.
584 3591 715 3662 vergenti
740 3591 855 3662 egregie
885 3587 1035 3663 convenit,
1065 3587 1143 3672 quod
1167 3606 1196 3647 v.

191 3678 256 3736 138.
277 3680 492 3755 scriptumest:
531 3684 782 3760 ,,1ιιρνίιιιοείιιίι,
807 3698 901 3758 cura,
924 3681 1089 3738 Maecenas
1106 3682 1197 3754 styma

210 3771 359 3830 satellici<
390 3773 506 3836 Etenim
523 3775 703 3852 Maecenas,
726 3775 835 3834 Rerum
859 3774 890 3829 et
907 3769 1008 3828 ltaliae
1027 3772 1089 3830 tum
1113 3789 1197 3847 pree-
