2760 4588
573 293 782 362 ...teg-

482 487 521 504 -
555 463 612 518 atat
624 459 809 544 cupiebam

335 551 483 625 mpetu,
500 549 749 623 erumpenteque
764 550 858 621 poerit

217 675 219 680 ,
384 643 482 699 Mara
497 635 591 711 feroc
609 645 684 699 dare
700 640 776 711 y‘ura
793 639 900 714 Medis,
957 653 960 656 ·

188 732 220 791 in
238 731 341 805 quibus
359 731 481 788 Parthos
500 729 634 790 subactos
653 731 806 801 significari
830 729 934 803 putant
952 726 1110 786 etidcirco
1127 730 1172 788 n·-

88 867 92 874 .
186 838 251 894 qua
267 824 411 882 nubtam
428 830 548 895 recepta
566 822 784 880 subodorautur.
823 821 910 897 Male,
929 819 1055 893 inquam.
1084 819 1174 876 Nam-

108 931 111 944 ‘
187 927 252 985 que·
264 928 329 969 cnm
345 913 389 970 nil
406 912 485 969 abad
504 913 626 971 Jnnonis
647 912 742 974 verbis
760 912 831 968 insit
848 911 907 968 nisi
931 911 1003 968 hoc:
1031 910 1173 988 „cisami

103 1019 105 1028 ’
187 1003 381 1062 Romanorum
398 1003 567 1079 imperium,
586 1004 617 1060 ct
630 1003 784 1073 subjicient
803 1002 909 1059 sibi—
920 1018 974 1076 per
989 1018 1038 1060 me
1055 1001 1123 1058 licet
1134 1033 1173 1046 ·-

188 1093 373 1164 marusimos
391 1093 490 1151 hostes
508 1094 640 1171 Parthos,
661 1093 815 1151 dummodo
825 1109 864 1150 ne
876 1094 963 1163 ‘lroja
974 1109 1074 1150 corum
1085 1109 1174 1165 opera

187 1185 353 1262 resurgat?
372 1184 456 1242 facile
471 1188 610 1259 perceptu
629 1187 689 1260 est,
709 1189 865 1244 entonam
883 1176 1054 1243 ue'Paretn
1065 1165 1173 1257 repor-
1203 1211 1208 1218 ¹

188 1279 317 1334 tonum
336 1291 358 1332 a
373 1282 463 1347 pocta
480 1278 652 1349 exspectare
668 1279 890 1351 ramunuaodo,
913 1278 1032 1348 operari
1051 1277 1081 1330 ct
1097 1290 1172 1347 pro-

188 1367 271 1426 mitti.
308 1365 393 1432 Quod
413 1365 515 1423 eodem
534 1383 600 1423 cum
617 1369 747 1440 tempore
772 1367 876 1424 iecisse
897 1365 999 1442 credo,
1024 1381 1082 1438 quo
1100 1364 1173 1422 divi·

187 1471 242 1515 nos
273 1456 396 1516 honores
421 1457 552 1528 Angusto
578 1459 614 1518 cb
640 1457 776 1529 adjectos
801 1460 927 1531 imperto
957 1457 1121 1516 Britannos
1146 1461 1176 1514 et

185 1563 297 1621 praeca
314 1549 429 1606 Persae
452 1548 591 1604 tributum
615 1547 653 1604 iri
678 1549 783 1604 effetus
808 1551 854 1604 cst
877 1549 910 1605 in
937 1547 1064 1605 carmine
1087 1547 1174 1620 hujus

187 1638 257 1696 libri
275 1639 376 1711 quinto
394 1655 421 1694 a.
440 1636 504 1694 727.
524 1637 641 1712 scripto.
677 1638 795 1697 Etenim
819 1638 896 1696 circa
919 1637 952 1695 id
975 1640 1090 1713 tempus
1113 1637 1174 1696 Au·

186 1731 291 1800 gustus
311 1728 342 1785 in
360 1728 539 1784 Britanniam
557 1730 587 1784 ct
605 1727 755 1786 Orientem
767 1729 968 1803 expeditiones
987 1729 1117 1805 parabat,
1137 1728 1173 1785 de

189 1835 311 1894 quarum
329 1835 463 1877 successu
487 1834 553 1876 cum
576 1820 720 1876 Romanos
746 1835 857 1877 summa
884 1816 1022 1894 quaeque*
1040 1836 1172 1895 sperasse

189 1913 251 1967 tum
269 1913 370 1984 poetas
388 1909 505 1966 finxisse
524 1911 555 1965 et
571 1910 851 1981 magnificentissime
869 1912 980 1970 locutos
999 1929 1063 1970 esse
1082 1912 1174 1986 ipsius

189 2001 304 2062 Horatii
323 2000 489 2058 testimonio
507 2000 648 2058 evincitur
665 2001 697 2058 in
715 2017 801 2060 carna
821 2002 848 2078 l,
868 2002 913 2060 35.
933 2004 970 2059 29
983 2019 1026 2076 sq.
1045 2005 1076 2062 ct
1089 2004 1116 2080 1,
1127 2004 1172 2061 21.

190 2093 227 2150 13
238 2107 288 2165 eq.
308 2123 347 2136 -
383 2093 479 2159 Quare
497 2091 553 2149 hoc
569 2107 702 2167 carmen,
720 2091 752 2148 in
771 2108 828 2166 quo
847 2096 877 2149 et
894 2094 959 2166 ipso
976 2094 1124 2164 Augurius
1143 2095 1175 2150 in

189 2183 310 2246 deorum
332 2198 452 2240 numero
475 2185 598 2240 refertur
621 2200 649 2239 v.
677 2183 732 2258 10.,
750 2200 803 2257 pro
821 2199 857 2240 ea
876 2182 1015 2257 quamde
1034 2183 1173 2255 temporis

190 2273 361 2344 cognatione
380 2273 482 2332 horum
500 2273 666 2346 poematum
689 2273 839 2347 proposui.
851 2274 1016 2344 conjectura
1032 2289 1068 2330 co
1087 2273 1174 2330 confi·

191 2364 305 2421 dontius
324 2379 350 2420 a.
369 2363 432 2420 727.
451 2363 582 2440 assigno,
607 2380 665 2437 quo
689 2364 795 2422 certius
821 2365 998 2436 compertum
1022 2364 1172 2442 habemus,

185 2454 248 2528 jam
266 2472 292 2513 a.
312 2455 375 2512 725.
393 2455 431 2512 ob
450 2455 529 2528 ipsas
547 2471 595 2512 res
613 2454 760 2513 Parthicas
774 2455 933 2512 Octaviano
952 2454 1064 2512 divinos
1082 2455 1173 2512 hono-

190 2564 238 2604 res
263 2547 393 2604 decretos
417 2545 526 2623 fuisse,
551 2548 686 2616 narrante
710 2546 806 2604 Dione
827 2546 906 2604 (lass.
927 2546 1174 2623 5¹1,lo.2et20.:

189 2631 357 2718 sallustia}
376 2632 480 2694 καὶτὰ
496 2637 567 2716 aspi
585 2636 643 2696 τῶν
661 2635 803 2719 Πάρθων
826 2640 990 2717 γράμματα
1013 2629 1121 2708 ἦλθεν,
1144 2634 1175 2706 ἔς

190 2745 222 2786 τε
240 2722 309 2796 τούς
326 2721 436 2801 ὕμνους
454 2723 543 2786 αὐτὸν
561 2721 593 2796 ἐξ
611 2724 678 2786 loco
697 2728 760 2799 τοῖς
770 2725 857 2798 θεοῖς
875 2721 1082 2808 ἒσγράφεσθαι
1100 2731 1172 2785 caet.

190 2873 192 2878 ⁵
266 2889 447 2949 omitti
465 2891 526 2950 lv.
550 2897 731 2971 „Descende
748 2891 849 2954 coetr‘
868 2910 893 2951 a.
912 2891 967 2948 728
985 2879 1179 2971 compositum,

192 3001 256 3042 esse
275 2983 424 3060 probabile
442 2983 482 3044 fit.
520 2985 604 3043 Certe
628 2999 687 3040 non
712 2985 806 3058 potuit
830 2987 932 3060 antea,
961 2982 1038 3056 quod
1062 2982 1174 3050 arboris

191 3089 275 3132 casus
299 3079 484 3140 memoratur
497 3094 525 3134 v.
548 3076 594 3134 27.
619 3069 667 3151 (c't
692 3091 721 3152 p.
747 3075 823 3152 162.)
868 3077 943 3134 'l'um
967 3075 1000 3132 in
1022 3090 1073 3150 ca,
1098 3090 1175 3148 quae

190 3166 323 3237 leguntur
340 3184 367 3225 v.
385 3169 422 3224 33
441 3185 498 3243 sq.:
593 3186 596 3191 ·
944 3199 946 3202 -

337 3258 437 3316 Visam
454 3260 618 3319 Britannos
635 3259 798 3334 hospitibus
818 3259 895 3314 seros

222 3399 225 3406 .
336 3347 377 3404 Et
393 3350 501 3415 laetum
518 3351 624 3424 equino
644 3351 783 3422 sanguine
805 3348 994 3425 caecumine,
1123 3411 1125 3419 Α

191 3439 324 3500 facillime
349 3441 437 3512 poete
460 3441 516 3499 hoc
540 3457 616 3498 anno
634 3440 762 3497 incidere
780 3442 911 3516 poterat,
937 3456 1002 3497 cum
1026 3439 1173 3510 Augustus

82 3557 84 3564 v
172 3532 230 3596 ‘in¹
245 3532 438 3604 Britanniam
461 3531 631 3602 traiecturus
651 3530 872 3608 Cantabrorum,
896 3531 1036 3588 Asturum
1054 3535 1084 3588 et
1101 3533 1174 3590 Vac-

192 3639 325 3700 caeorum
348 3619 504 3680 rebellione
527 3622 559 3678 in
581 3623 763 3694 Hispaniam
786 3622 829 3678 ire
854 3623 968 3682 coactus
994 3626 1072 3680 esset
1099 3617 1174 3701 (Dio

13 3699 15 3816 L
121 3790 126 3799 ς
161 3714 163 3723 “
191 3713 245 3790 53,
263 3708 333 3795 25.).
378 3713 413 3771 In
436 3713 489 3770 has
513 3711 718 3771 remotissimas
744 3713 822 3770 orbis
845 3715 936 3772 terras
961 3726 1028 3770 eum
1051 3714 1093 3772 ait
1111 3716 1174 3772 tute

168 3835 171 3842 ·
193 3803 349 3883 proficisci,
367 3799 424 3881 “quii
449 3804 502 3864 snb
527 3805 675 3864 Musarum
693 3787 784 3863 tutela
802 3803 848 3863 sit
891 3803 992 3878 Neque
1010 3804 1065 3865 hac
1084 3805 1173 3866 desti·
