2792 4576
549 315 755 400 ..01ss

162 499 205 580 (a
225 503 288 559 729.
308 507 346 558 ex
371 497 584 575 computatione
604 495 770 556 Grotciend.
789 487 819 572 p.
839 485 902 552 172.
922 509 948 552 a
974 483 1150 572 composito)

164 593 280 668 scripsit
299 609 324 648 v.
343 589 388 648 b:

505 710 543 724 -
562 678 649 749 Fugit
666 681 747 736 retro

310 773 398 831 beris
416 772 557 829 luventas
576 771 607 824 et
624 770 736 844 Decor3
757 769 849 826 arida

331 865 480 922 Pellcntc
498 861 627 917 lusarca
644 855 770 916 Amores

388 953 503 1012 Cmrttic
520 941 690 1021 facilcinque
709 949 855 1008 Somnum.

163 1051 194 1104 et
211 1065 239 1104 v.
261 1047 305 1102 15.
326 1046 407 1121 „cur
423 1057 483 1098 non
499 1072 538 1084 -
555 1055 649 1098 canoa
667 1038 781 1098 odorati
798 1038 917 1112 capillos
928 1069 967 1082 —
978 1033 1151 1114 potamns't’

163 1167 202 1180 -
221 1135 300 1203 Quid
319 1134 395 1208 quod
408 1133 471 1205 jam
489 1148 515 1189 a.
535 1130 617 1207 726.²
636 1145 702 1187 cum
719 1129 862 1202 Apollinis
881 1130 1020 1203 templum
1038 1129 1152 1194 dedica·

163 1227 250 1284 batur
267 1226 299 1282 in
320 1223 460 1300 Palatino,
481 1220 564 1296 quasi
582 1220 709 1278 instante
729 1223 877 1290 senectute
895 1221 937 1278 ita
955 1221 1088 1295 precatus
1107 1221 1153 1276 est

148 1316 209 1372 xod.
231 1317 259 1392 1,
278 1315 325 1392 31,
346 1314 380 1371 17
401 1329 461 1388 sq:
1051 1337 1055 1346 Δ

310 1405 381 1462 Frui
400 1404 509 1478 paratis
528 1406 559 1460 et
576 1403 673 1461 valido
691 1403 765 1461 milri

310 1496 401 1553 Latos
422 1495 527 1571 dones,
548 1497 593 1570 et,
612 1510 731 1571 precor,
749 1493 863 1564 integra
982 1500 985 1511 ¹

344 1587 420 1645 Cum
438 1583 551 1661 ment03
571 1600 625 1642 nec
643 1587 757 1658 turpem
777 1586 923 1642 senectam

383 1679 497 1748 Degere
516 1683 571 1732 nec
590 1673 702 1744 cithara
720 1676 875 1732 carentena

237 1767 349 1837 Quodsi
374 1767 464 1838 igitur
488 1767 576 1839 poeta
602 1765 767 1821 Venusinus
792 1781 818 1820 a.
843 1765 987 1823 tarsitii.
1007 1769 1153 1836 mcnteet

164 1877 292 1934 corpore,
308 1857 467 1914 immutatis
492 1869 552 1910 non
576 1854 700 1924 amplius
724 1853 845 1909 indulsit
864 1856 1026 1932 amoribus,
1052 1857 1153 1914 verisi-

164 1951 232 2006 mile
251 1950 283 2006 fit
307 1947 410 2003 eodem
435 1960 501 2000 eum
525 1945 655 2014 tempore
681 1941 764 2018 poesi
789 1933 1153 2017 animumanimum

164 2038 347 2096 renuntiasse
373 2037 403 2091 et
427 2034 588 2107 spectatum
612 2033 682 2089 satis
707 2032 797 2089 veluti
821 2033 893 2093 rude
918 2033 1055 2092 donatum
1079 2053 1153 2094 esse.

166 2130 220 2188 cui
239 2126 402 2186 sententiaa
421 2125 529 2199 optime
549 2123 699 2200 convenit,
719 2123 797 2198 quod
815 2139 841 2182 a.
861 2126 942 2201 731,
962 2142 1027 2184 cum
1045 2127 1154 2200 episto·

163 2221 207 2277 las
227 2219 333 2296 edidit,
352 2217 428 2274 nolle
448 2233 479 2272 se
499 2215 541 2271 ait
559 2232 577 2271 a
594 2215 765 2272 Maecenate
790 2220 914 2292 undquo
938 2220 1011 2276 ludo
1034 2217 1153 2294 includi,

165 2315 195 2367 et
207 2311 284 2384 quod
297 2327 328 2366 se
341 2324 431 2378 nugas
439 2306 580 2377 abjecisse
587 2308 617 2362 et
628 2305 666 2362 ad
673 2305 821 2364 condenda
828 2311 857 2364 et
863 2307 1068 2385 componenda,
1079 2309 1154 2382 quae

163 2417 232 2458 mox
252 2401 424 2473 depromere
443 2397 553 2471 possit,
571 2400 706 2470 paratum
718 2400 748 2454 et
757 2399 913 2470 proclivem
923 2415 987 2456 esse
1004 2399 1153 2468 significat.

165 2491 244 2556 Quin
261 2491 323 2546 tota
341 2487 430 2544 anirni
449 2486 562 2542 affectio
582 2487 612 2540 et
631 2487 705 2542 mala
723 2488 850 2558 corporis
869 2488 1003 2544 valetudo
1015 2481 1073 2567 ¹⁵),
1090 2489 1154 2561 qui-

164 2581 220 2638 bus
244 2579 356 2652 posta.
376 2576 440 2630 730,
465 2573 630 2676 fruebatur,
656 2573 825 2630 documento
850 2575 956 2632 estad
980 2576 1100 2636 hilarcm
1124 2581 1155 2635 at

135 2705 138 2709 -
164 2672 260 2728 levem
283 2667 390 2739 lyricae
415 2663 513 2737 poesis
538 2661 672 2735 spiritum
698 2663 817 2722 minime
841 2681 907 2722 eum
930 2668 1060 2791 potuisse
1086 2686 1154 2743 pro-

165 2774 288 2835 pensum
306 2759 474 2831 aptumque
486 2769 560 2810 esse.

241 2849 382 2917 Quocirca
406 2845 454 2902 vel
478 2845 520 2900 ita
545 2847 680 2921 apparet,
706 2845 879 2924 caucinum,
904 2863 978 2922 quae
1003 2849 1035 2906 in
1061 2849 1154 2908 tribus

165 2941 248 2998 libris
272 2938 417 3015 prioribus
443 2936 641 3013 continentur,
665 2937 775 2994 nullum
797 2940 864 3012 post
887 2939 1154 3013 1730111111111

130 3028 134 3032 ’
167 3048 248 3107 esse,
268 3033 298 3088 et
317 3042 489 3103 quamquam
506 3025 596 3082 nolim
613 3041 791 3104 repugnare,
811 3029 920 3102 siquis
939 3030 995 3086 ista
1009 3029 1154 3090 volumina

167 3136 245 3178 anuo
263 3120 379 3178 demum
396 3115 460 3174 731.
480 3112 519 3173 ad
536 3117 703 3174 umbilicum
721 3115 847 3174 adducta
864 3120 895 3173 et
913 3118 993 3175 edita
1010 3137 1074 3176 csse
1087 3138 1153 3180 cen·

167 3212 273 3269 suerit:
297 3211 329 3267 id
353 3211 452 3266 tamen
473 3208 506 3264 in
531 3207 690 3266 clarissima
714 3206 787 3264 mihi
810 3206 926 3264 videtur
945 3208 1009 3268 luca
1027 3213 1154 3286 positum

167 3318 248 3378 csse,
267 3301 327 3358 falli
345 3312 519 3372 magnopere
538 3302 569 3356 ct
592 3301 756 3373 pervertere
775 3314 837 3354 ram
857 3299 926 3355 satis
945 3304 1074 3374 apertam
1092 3319 1153 3380 eos,
1257 3357 1261 3370 „

167 3393 218 3465 qui
242 3391 450 3449 coniectionem
475 3391 505 3444 et
529 3389 686 3446 editionem
709 3388 748 3445 ad
772 3404 798 3446 a.
825 3388 1153 3470 73111173011111-
1272 3421 1276 3430 ι

166 3478 305 3564 runem)

168 3599 365 3612 *Q*

231 3661 487 3728 immutari
505 3666 695 3735 1111111.

234 3731 280 3794 ro)
296 3733 444 3798 Interpretes
461 3736 512 3784 iere
529 3749 625 3797 omnen
642 3739 714 3786 ctiam
729 3736 854 3788 Kircbner.
871 3737 1004 3802 qracst§.
1021 3738 1153 3803 771110.

168 3799 194 3845 et
215 3794 239 3857 §
262 3797 373 3864 13111
373 3801 459 3861 ,,,31
481 3802 608 3852 Waiobert
631 3803 789 3853 devaret
810 3805 994 3869 01111337
1011 3811 1036 3856 et
1051 3805 1154 3857 Pauor.

166 3865 217 3911 not.
233 3861 291 3914 331,
324 3813 373 3924 [At
380 3869 455 3916 multo
468 3869 557 3917 rectius
568 3883 612 3933 pro
624 3870 810 3933 perspicacitate
819 3883 865 3958 rua
877 3871 1051 3934 Laobmnonur,
1068 3887 1154 3924 oeuwr
