2776 4582
575 1251 689 1371 Cap.
726 1257 817 1342 ΙΠ.

535 1445 578 1498 De
602 1445 722 1514 epodon
746 1446 864 1494 aetate.
980 1509 986 1520 Ι

600 1583 800 1596 ffl-

207 1705 254 1792 In
273 1726 440 1788 ordinandis
459 1725 561 1801 epodis
579 1727 733 1786 Horatium
750 1722 900 1802 probabile
918 1723 964 1783 est
974 1717 1135 1782 metrorum
1148 1738 1194 1782 ra·

209 1821 318 1880 tionem
336 1819 481 1883 habuisse.
521 1819 606 1880 certe
630 1819 706 1875 hano
734 1815 771 1877 ob
800 1829 932 1880 caussam
959 1814 1063 1882 decem
1082 1814 1195 1888 priores

204 1909 291 1978 juxta
310 1925 341 1966 se
359 1908 448 1980 positi
467 1921 535 1968 esse
548 1904 692 1975 videntur.
720 1904 782 1963 Nee
800 1903 832 1962 in
850 1904 900 1960 his-
913 1919 1010 1981 neque
1025 1904 1058 1963 in
1075 1903 1195 1978 reliquis

209 2002 261 2058 aut
278 1999 478 2070 argumentum
496 1997 547 2061 aut
565 1998 692 2054 aetatem
709 1993 849 2068 respexit.
869 1995 905 2053 etl
924 1994 1043 2058 Passov,
1055 1997 1115 2055 not.
1130 1989 1194 2055 183.

281 2177 451 2242 El’omifl
475 2177 506 2236 Ι.
536 2179 624 2256 ,fitis
647 2177 820 2254 mouera
839 2175 892 2254 „in
914 2190 971 2250 quo
997 2176 1198 2237 Maecenatem
1219 2211 1223 2223 ι

205 2272 392 2346 prosequitur
410 2273 527 2336 euntem
545 2270 584 2328 ad
601 2270 708 2328 bellum
726 2268 828 2328 navale
854 2285 920 2328 eum
936 2269 1072 2342 Augusto
1094 2267 1195 2328 adver·

208 2380 272 2422 sum
289 2362 450 2422 Antonium
459 2365 489 2420 et
499 2362 711 2438 Cleopatram'',
728 2364 763 2418 nt
780 2361 822 2418 ait
840 2360 940 2420 Acron
955 2361 994 2418 ad
1005 2379 1033 2419 u.
1047 2361 1085 2438 1.,
1098 2359 1195 2419 medio

207 2455 268 2510 fere
287 2470 314 2514 a.
333 2453 399 2512 723.
418 2452 592 2524 compositus
612 2453 666 2507 est.
705 2452 779 2510 Cum
801 2450 878 2510 enim
904 2452 1011 2511 Caesar
1035 2453 1065 2506 et
1088 2451 1195 2513 milites

208 2557 310 2598 omnes
328 2545 445 2598 atvero
464 2542 553 2596 etiam
571 2543 719 2601 senatores
739 2542 769 2596 et
787 2543 931 2616 οᾳνοοιννο
950 2539 1098 2612 dignitatis
1116 2539 1195 2607 viros

209 2631 396 2690 Brundisium
430 2632 595 2710 evocasset,
628 2624 697 2698 τοὺς
720 2627 789 2704 μὲν,
821 2625 901 2700 ὅπως
925 2649 960 2691 ne.
978 2627 1195 2708 συμπράξουσιν

209 2719 308 2800 αὐτῷ,
332 2717 402 2792 τούς
421 2715 465 2791 δἻ,
491 2716 573 2790 ὅπως
591 2714 683 2794 μηδὲν
700 2718 887 2794 μονωθέντες
910 2723 1119 2798 νεοχμώσωσν.
1143 2721 1194 2792 τό,

208 2833 241 2873 τε
258 2815 412 2889 μέγιστον,
437 2807 520 2882 ὅπως
543 2805 705 2884 ἐνδείξηται
728 2812 790 2882 τοῖς
809 2810 998 2890 ἀνθρώποις,
1023 2809 1069 2870 ὅτι
1092 2814 1143 2872 καὶ
1160 2810 1194 2872 τὸ

209 2905 348 2963 πλεῖστον
366 2906 416 2962 καὶ
427 2899 461 2961 τὸ
474 2900 631 2981 κράτιστον
642 2901 701 2961 τῶν
710 2901 878 2978 Ῥωμαίων.
888 2901 1117 2978 ὁμογνωμονοῦν
1134 2891 1196 2982 ἔχον

210 2988 455 3075 (Di050,11.)‚
484 2993 570 3050 etiam
597 2996 750 3053 Maecenas
779 3011 814 3051 eo
840 3011 872 3050 se
897 2995 1053 3052 contulisse
1072 2995 1193 3054 videtur.

209 3087 285 3146 Nam
303 3084 381 3158 quod
399 3103 418 3142 a
435 3083 602 3142 Scholiastis
620 3088 755 3143 narratur
763 3085 899 3142 Liburnis
911 3084 1093 3158 praepositus
1105 3087 1195 3143 fuisse

209 3173 357 3257 (Acrone
370 3176 409 3232 ad
433 3177 573 3234 actiacum
596 3175 704 3232 bellum
726 3175 821 3232 iturus
847 3175 953 3232 Caesar
975 3176 1123 3248 Augustus
1146 3171 1195 3234 Li·

209 3269 310 3326 bnrnis
328 3266 497 3342 praeposuit
514 3267 721 3324 Maecenatem.
754 3267 843 3341 cinq.
860 3265 899 3322 ad
915 3281 944 3322 v.
965 3266 1007 3323 l.:
1026 3267 1064 3324 ad
1081 3267 1194 3326 Maece·

209 3363 322 3435 nutem,
347 3359 399 3432 qui
421 3373 536 3415 omnem
559 3357 691 3415 militiam
716 3357 848 3414 Caesaris
871 3357 1042 3416 naumachia
1059 3359 1078 3415 i.
1098 3377 1125 3419 e.
1143 3377 1195 3416 na·
1274 3373 1278 3378 ’

209 3452 268 3507 vali
286 3449 397 3526 proelio
416 3449 598 3520 ordinaturus
608 3447 841 3524 proficiscebatur
852 3447 889 3504 ad
901 3447 1008 3506 bellum
1017 3447 1194 3530 actiacum),

209 3541 242 3598 id
259 3537 446 3599 vehementer
464 3556 565 3600 vereor
582 3557 620 3596 ne
639 3539 792 3597 commenti
811 3539 869 3596 sint
887 3540 924 3597 ob
942 3556 970 3598 v.
992 3539 1018 3598 1.
1048 3539 1097 3597 Nil
1115 3543 1195 3597 certe

211 3631 266 3688 hae
285 3632 321 3688 de
339 3649 372 3689 re
390 3630 531 3692 historici.
557 3630 614 3690 Sed
630 3616 697 3687 utut
714 3632 768 3690 hoc
787 3633 842 3708 est,
862 3630 987 3688 dubitari
1005 3628 1107 3702 nequit
1124 3630 1195 3704 quin

212 3721 366 3790 Maecenas
385 3722 500 3796 ceperit·
513 3721 630 3796 quidem
648 3722 799 3781 eonsilium
821 3722 852 3778 in
869 3722 976 3782 bellum
993 3721 1132 3794 paratum-
1143 3721 1194 3780 ab·

213 3812 312 3890 eundi,
330 3831 384 3874 nee
402 3817 500 3875 amen
517 3813 672 3890 peregerit
709 3813 784 3876 Nam
801 3829 838 3872 eo
855 3812 920 3888 ipso
937 3814 1067 3890 tempore
1085 3811 1193 3876 Romm
