2792 4576
573 1196 685 1316 Cap.
715 1196 803 1288 VI.

196 1386 232 1436 ue
248 1387 394 1450 temporibus
411 1388 497 1451 quau
513 1389 576 1440 ruer
592 1375 746 1454 epistolarum
762 1391 807 1450 u..
824 1387 926 1452 epistola
942 1386 973 1436 ar
990 1385 1104 1445 risores,
1119 1384 1180 1436 ιιι

273 1468 402 1521 carminum
417 1471 460 1520 iv.
478 1473 503 1520 et
519 1481 614 1521 armen
628 1474 756 1522 saeculare
772 1465 862 1534 scripta
878 1476 903 1520 et
919 1471 985 1520 adita
1001 1469 1096 1518 fuerint.

594 1633 786 1646 m

192 1749 384 1858 Pervuuato
412 1786 600 1861 epistoiemm
626 1789 724 1848 libello
742 1789 880 1848 Horatius
905 1791 1037 1848 aiterum
1054 1787 1187 1870 addidit,¹

127 1867 128 1877 ¹
192 1879 225 1936 in
243 1878 365 1950 gratiam
388 1879 530 1956 Augusti,
556 1880 607 1954 qui
631 1877 720 1957 „post
744 1897 890 1938 sermones
914 1880 1178 1956 quosdam-,laotos
1262 1917 1272 1978 χ,

192 1973 227 2026 ut
244 1970 286 2027 ait
303 1970 424 2029 suetum
443 1970 493 2028 vit.
513 1968 541 2049 ἓ.
563 1971 625 2048 12.,
650 1971 757 2029 nullam
781 1973 827 2032 sui
851 1969 1027 2029 mentionem
1051 1971 1179 2030 habitam

143 2123 150 2128 ,
192 2062 236 2118 ita
253 2063 372 2135 questus
391 2064 450 2118 esta
480 2061 655 2137 „irascixme
673 2061 729 2119 tibi
748 2061 831 2137 seito,
860 2062 937 2134 quod
955 2079 1015 2118 non
1032 2062 1177 2136 inpleris·

138 2211 145 2220 ,
186 2167 248 2223 qua
267 2149 407 2220 eiusmodi
427 2151 541 2223 seriptis
560 2167 672 2207 mecum
691 2151 872 2226 potissimum
889 2152 1038 2224 loqueris·
1061 2152 1109 2208 An
1127 2167 1177 2207 ve-

152 2284 155 2293 ,
190 2240 264 2297 reris
282 2254 320 2296 ue
339 2240 418 2314 apud
434 2242 568 2314 posteros
586 2240 693 2298 infame
711 2239 766 2299 tibi
784 2237 834 2317 sit,
853 2242 932 2315 quod
950 2241 1076 2298 videaris
1095 2241 1176 2298 iami-

190 2331 271 2388 lieris
299 2330 384 2389 uobis
409 2326 516 2388 esse7“
555 2331 757 2406 expressitque
783 2333 928 2409 eclogam,
956 2332 1037 2404 ouius
1062 2331 1177 2390 initium

190 2425 250 2480 est:
273 2424 348 2483 Oura
365 2429 408 2482 tot
423 2426 574 2482 summas
592 2421 687 2480 oeet.“
715 2422 797 2480 Idem
815 2423 937 2482 affirmat
956 2411 1049 2483 Sohol'.
1068 2425 1176 2498 Porpit

172 2514 230 2580 ed
249 2515 333 2589 epist.
346 2515 382 2590 i,
401 2514 463 2574 20.:
484 2515 579 2592 „Sana
599 2531 636 2572 ex
654 2514 701 2572 his
720 2513 851 2572 versibus
871 2518 901 2572 et
919 2515 951 2572 in
969 2514 1112 2590 principio
1131 2532 1176 2574 se·

153 2632 161 2644 ·
188 2607 305 2679 quentis
322 2605 390 2661 libri
408 2609 538 2683 apparet,
557 2606 709 2664 Horatium
726 2606 782 2662 hoo
800 2607 934 2664 volumen
952 2607 1035 2680 quasi
1053 2607 1175 2664 novissi-

120 2735 126 2740 ·
189 2712 268 2752 mum
292 2695 381 2751 totius
406 2697 503 2769 operis
527 2697 680 2773 habuisse,
710 2713 778 2756 num
795 2699 963 2756 eorundum
990 2696 1175 2770 epistolarum

190 2789 305 2844 coaetus
324 2783 459 2858 adjeeit“
485 2789 516 2842 at
534 2787 572 2842 ad
590 2787 674 2862 epist
695 2787 728 2863 2,
749 2787 775 2844 1.
788 2788 839 2846 =1.=
866 2787 1027 2868 „Apparet
1045 2786 1121 2842 huno
1139 2786 1174 2842 li·

189 2876 289 2957 brom,
314 2880 348 2935 ut
373 2893 460 2950 supra
486 2875 630 2953 diximus?
653 2876 770 2935 hortatu
790 2877 921 2938 caeseris
940 2873 1079 2948 seriptum
1098 2893 1173 2952 esse,

188 2969 270 3040 ouius
288 2969 332 3025 rei
351 2969 438 3026 etiam
457 2968 573 3025 Sueten.
593 2972 765 3025 auctorest
784 2969 862 3027 Nem'
877 2966 954 3040 apud
973 2981 1040 3024 eum
1051 2968 1174 3042 epistole

188 3059 334 3117 invenitur
351 3059 476 3133 Augusti
501 3056 677 3135 increpantis
700 3061 868 3135 Horatium,
893 3048 970 3131 ‹iuod
994 3074 1054 3115 uon
1078 3059 1116 3116 ad
1140 3075 1172 3116 se

188 3165 302 3223 quoque
321 3152 443 3223 plurima
461 3150 576 3210 scribet.
579 3150 599 3185 “
628 3153 738 3218 Scimus
756 3151 845 3224 igitur
862 3150 1052 3222 posteriorem
1068 3150 1172 3207 librum

153 3259 156 3264 ¹
188 3243 256 3316 post
274 3257 299 3296 a
320 3240 383 3298 734.
404 3244 542 3318 seriptum
570 3245 601 3299 et
629 3243 745 3303 adrium
757 3257 830 3298 esse
867 3239 1022 3298 Praeterea
1039 3239 1081 3298 nil
1100 3241 1172 3298 certi

131 3323 143 3340 “
189 3332 225 3390 de
244 3330 306 3402 ejus
324 3333 501 3406 temporibus
519 3333 664 3405 cognitum
683 3333 917 3404 exploratumque
929 3331 1086 3418 habemus,
1104 3347 1171 3389 nam

84 3479 89 3506 ,
189 3423 304 3498 utrique
322 3422 461 3496 epistolae
480 3427 559 3480 certa
577 3423 685 3480 indicia
703 3421 815 3477 desunt.
848 3421 882 3478 ld
900 3417 1012 3480 tautum
1030 3425 1107 3480 reete
1127 3423 1170 3480 di-

187 3515 276 3592 xoris,
295 3511 493 3589 epistolam2,
514 3514 539 3570 l.
559 3513 695 3586 scriptam
713 3528 777 3568 assa
796 3516 863 3586 post
881 3529 996 3570 osunen
1013 3515 1170 3590 saeculare,

189 3605 296 3680 quippe
315 3604 393 3680 quod
409 3603 612 3678 respicimur
631 3621 673 3661 vs.
694 3604 749 3661 139
767 3619 809 3678 sq.
847 3604 905 3663 Adi
929 3605 979 3676 qui
1004 3604 1058 3661 heo
1082 3603 1119 3660 da
1137 3621 1169 3661 re
1210 3643 1216 3654 ι

133 3679 135 3684 ’
189 3697 386 3756 disseruerunt
404 3696 457 3754 uh.
478 3694 601 3752 Schmid.
626 3695 658 3750 in
681 3695 752 3753 edit.
779 3695 863 3769 epist.
889 3694 945 3752 rot
970 3695 1007 3752 II.
1032 3711 1061 3770 p
1087 3695 1113 3752 7.
1139 3699 1170 3752 et

173 3804 216 3862 ¹p
237 3787 318 3860 159,·
309 3787 496 3898 ·Weioisert.
517 3786 553 3864 de
571 3788 637 3846 Ver.
658 3791 688 3846 at
707 3776 786 3848 cess.
806 3803 834 3862 p.
856 3785 953 3842 165-
959 3786 1030 3844 167·
1021 3787 1185 3942 ,interpr
