2792 4576
539 343 747 408 ⁸⁸*ae-

566 539 604 552 —
621 537 660 552 ·-
677 507 718 566 At
733 509 798 586 ille,

301 595 360 665 Qui
377 610 426 653 ere
443 601 598 656 conmorit
608 629 646 642 —
658 602 766 658 metim
777 615 840 658 coo
856 606 981 675 tueque
998 605 1143 664 clauc-.-

300 685 398 746 Flelrit
415 693 446 745 et
461 689 590 762 melpum
606 673 686 748 edre
705 691 932 750 cantabitur
949 691 1061 752 orde!

151 777 276 836 Proinde
313 778 370 835 erit
392 779 530 851 'profecto
565 780 644 854 quod
678 781 839 840 rationibus
868 797 940 856 quas
970 785 1141 858 protulimus

151 870 237 927 tidem
255 869 372 927 habeas.
401 869 536 942 Sequitur
553 868 649 948 tertia,
669 887 727 946 qua
745 889 804 930 non
821 873 970 948 probabile
985 875 1078 934 solum
1095 877 1141 953 re,

152 959 320 1032 singulatim
340 963 383 1016 et*
397 959 512 1017 diverso
536 963 665 1036 tempore
685 963 854 1022 Sermonum
877 963 971 1022 libros'
986 966 1140 1044 prodiisse,

151 1051 203 1108 red
222 1051 311 1107 etiam
330 1052 473 1127 cogimur,
493 1051 525 1112 id
543 1055 576 1109 ut
594 1055 761 1112 statuamus.
808 1045 816 1052 ’

224 1142 252 1198 3.
281 1143 325 1199 Ea
352 1141 421 1198 inde
450 1142 593 1220 petenda,
622 1143 701 1218 quod
725 1145 817 1219 priori
843 1145 919 1204 libro
946 1148 1081 1222 prologus
1110 1147 1152 1206 et
1273 1125 1278 1132 ’

114 1281 124 1289 .
149 1231 279 1305 epilogus
304 1231 420 1289 additus
445 1237 507 1311 est,
533 1235 617 1292 alteri
641 1234 777 1308 prologus
803 1239 931 1314 tanturn,
955 1254 1051 1315 neque
1069 1255 1140 1297 vero

148 1324 288 1398 epilogus.
325 1324 401 1382 Nam
420 1324 449 1381 si
458 1327 611 1400 utrumque
621 1327 728 1384 librum
740 1328 825 1385 simul
838 1329 868 1385 et
880 1329 982 1386 codem
1000 1329 1140 1405 temporis
1214 1344 1218 1350 ’

147 1417 293 1472 momento
312 1413 448 1472 edidissit
464 1415 618 1494 Horatius,
630 1417 721 1474 'haud
745 1419 833 1475 dubie
855 1422 906 1476 aut
924 1422 1138 1498 sermonique,

60 1547 68 1555 .
147 1508 198 1562 aut
224 1505 250 1563 si
267 1501 318 1563 ur'ri
336 1508 467 1583 tantum,
485 1523 544 1564 non
560 1511 655 1583 prime
680 1509 733 1568 sed
751 1509 878 1566 secundo
897 1510 1059 1569 addidisset
1077 1512 1139 1585 epi·
1172 1559 1175 1576 .

145 1596 259 1674 logum,
286 1613 345 1672 quo
370 1599 462 1654 toturn
480 1614 553 1671 epus
572 1600 628 1656 rite
641 1600 829 1658 clauderetur.
867 1601 913 1658 lte
931 1602 1039 1676 ipsein
1050 1602 1139 1658 triurn

144 1687 283 1746 librorum
301 1689 429 1746 editione
449 1689 607 1756 carminum
624 1691 775 1764 prologum
793 1685 844 1768 (1,
864 1686 908 1774 l.)
927 1692 964 1750 ab
983 1693 1067 1750 initio
1085 1709 1144 1767 ρο·-

144 1779 219 1858 suit,
239 1781 385 1854 epilogum
403 1774 462 1862 (3,
481 1779 552 1861 30.)
574 1781 606 1837 in
630 1783 687 1836 fine
711 1781 801 1838 totius
826 1784 934 1855 operis.
972 1784 1030 1841 Sed
1054 1784 1138 1842 deest

144 1872 175 1926 et
199 1871 292 1944 primo
318 1872 445 1928 clausula
469 1874 500 1926 et
524 1868 651 1925 secundo
676 1869 863 1941 prooemium.
910 1873 1016 1930 Contra
1040 1876 1071 1930 et
1089 1874 1137 1931 hic

143 1959 292 2034 epilogum
315 1961 404 2016 hehet
427 1954 484 2039 (2,
502 1953 572 2037 20.)
599 1962 629 2015 et
653 1959 757 2016 tertius
782 1960 908 2033 speciem
927 1963 1005 2018 certe
1023 1963 1137 2037 prologi

143 2044 214 2132 (od.
234 2052 269 2128 3,
290 2051 316 2107 1.
337 2039 394 2108 Odi
406 2051 558 2124 profanum
577 2045 681 2132 caet).
719 2051 799 2107 Haec
817 2051 906 2122 igitur
923 2055 1010 2127 prout
1028 2053 1137 2126 placuit

142 2143 256 2218 poetae.
301 2141 413 2216 Eodem
437 2141 523 2198 modo
547 2143 673 2216 primurn
691 2141 878 2216 epistolarum
901 2142 1023 2219 librum,
1049 2158 1136 2217 quem

143 2249 273 2291 seorsum
298 2233 441 2307 prodiisse
465 2249 551 2291 nemo
573 2249 699 2308 unquam
726 2233 861 2310 negavit,
882 2231 962 2305 justo
986 2233 1135 2308 prooemio

124 2327 172 2394 ‚et
191 2325 306 2398 epilogo
325 2325 470 2382 instruxit.

214 2416 322 2473 Verum
340 2431 406 2472 cum
423 2415 463 2491 ii,
483 2416 534 2490 qui
553 2433 637 2473 secus
662 2419 796 2492 censent,
821 2415 870 2472 vel
893 2417 1064 2487 negaverint
1083 2416 1134 2473 de-

51 2493 73 2545 '·
141 2505 245 2563 cimam
263 2505 330 2561 libri
348 2505 371 2560 1.
398 2505 517 2561 satiram
541 2506 663 2577 epilogi,
689 2509 719 2561 et
742 2507 865 2580 primam
882 2506 905 2561 L
926 2508 956 2560 et
973 2504 1010 2561 11.
1029 2513 1133 2579 prooe-

140 2595 193 2652 mii
210 2595 306 2652 locum
323 2598 423 2649 tenere
442 2587 501 2672 (ct.
521 2593 670 2650 Kirchner.
691 2594 759 2652 edit
779 2596 868 2652 Serm.
888 2611 917 2668 p.
938 2594 1000 2652 157.
1019 2598 1131 2669 quaest.

140 2703 169 2761 p.
191 2686 236 2744 ll.
255 2687 287 2742 et
305 2683 349 2741 12.
370 2680 398 2761 ἓ.
418 2677 504 2763 21),
523 2683 571 2740 vel
588 2683 706 2740 fortuito
723 2687 831 2742 factum
842 2685 984 2762 dixerint,
1003 2687 1082 2760 quod
1099 2687 1132 2744 in

141 2779 232 2836 altero
258 2775 439 2833 desideretur
457 2775 603 2847 epilogus:
629 2790 702 2848 opus
727 2779 773 2832 est
790 2793 855 2833 cum
873 2777 990 2833 omnino
1009 2777 1045 2834 de
1063 2793 1131 2852 pro·

139 2869 270 2939 logorum
294 2869 326 2934 et
350 2865 529 2940 epilogorum
553 2867 609 2922 tine
634 2869 666 2922 et
689 2866 786 2924 indole
813 2867 972 2944 disserere,
1005 2870 1068 2923 tum
1093 2867 1130 2924 de

140 2959 323 3034 Horatianis,
349 2973 385 3014 ee
402 2957 509 3034 magis,
536 2973 592 3030 quo
611 2957 716 3014 elarius
735 2975 773 3015 ex
791 2962 959 3030 argumento
978 2959 1009 3014 et
1025 2959 1131 3014 nature

141 3049 200 3108 Sat.
219 3051 250 3127 Ι,
279 3050 323 3106 10.
350 3052 381 3105 et
404 3049 449 3126 ll,
477 3048 503 3106 1.
529 3048 644 3105 diverso
671 3049 760 3107 libros
783 3051 915 3122 ternpore
945 3047 1129 3121 parrulgetos

141 3156 206 3197 esse
225 3139 386 3214 apparebit.
492 3189 498 3208 ,

213 3231 333 3304 Triplex
359 3231 419 3287 lere
444 3229 655 3304 prooemiorum
673 3227 737 3284 linis
757 3229 819 3302 est,
840 3227 1073 3303 quandoquidem
1090 3229 1128 3287 iis

23 3327 28 3342 ’
141 3323 191 3378 aut
210 3320 368 3403 dedicatur·
379 3336 468 3397 opuS,
488 3322 535 3378 cui
553 3320 681 3394 praefixa
700 3321 767 3374 sunt
780 3311 841 3397 Η)’,
860 3320 911 3375 aut
929 3323 1128 3391 argumentum

140 3415 170 3468 et
193 3412 372 3470 tractationis
396 3413 471 3470 ratio
496 3411 595 3485 paucis
621 3407 796 3482 significatur
809 3406 870 3489 ¹⁶),
896 3411 946 3465 aut
965 3410 1128 3468 defenditur

112 3657 116 3666 “
204 3659 251 3725 ld)
267 3660 354 3710 catull.
370 3659 391 3708 1.
407 3657 512 3708 Phaedr.
528 3658 577 3708 lab.
594 3661 622 3718 1,
638 3661 698 3722 prol.
710 3657 740 3718 4,
757 3657 816 3722 prol.
848 3657 959 3720 Propert.
971 3655 1031 3716 2,1.
1053 3652 1125 3704 ovid

138 3725 207 3777 rest
225 3727 381 3790 1,v.asq.
413 3723 641 3784 Horatod1‚1.
674 3722 814 3784 satri.
832 3721 983 3786 epistil-

205 3806 251 3872 16)
267 3809 344 3858 Plane
364 3810 393 3857 nt
408 3809 434 3856 in
456 3808 589 3857 tabularum
605 3807 718 3869 prologis.
749 3804 817 3866 Virg.
834 3804 931 3866 Georg,
947 3801 1050 3851 Phaedr.
1066 3803 1125 3866 lab>
1226 3793 1230 3801 ¹

139 3868 212 3927 oud
228 3874 295 3926 Fert.
313 3876 353 3927 lib.
369 3875 390 3924 1.
407 3875 438 3924 ll.
455 3875 498 3924 III.
516 3877 578 3924 caet
595 3871 680 3922 Horat.
697 3873 749 3920 Sat
767 3871 797 3931 2,
808 3870 833 3920 1.
850 3870 889 3920 od.
900 3870 925 3928 4,
936 3868 961 3920 1.
976 3869 1046 3932 epist.
1062 3869 1087 3932 1,
1100 3869 1122 3920 1.
1261 3887 1264 3897 ·

880 3947 927 4006 3}
