2792 4576
575 205 779 270 ...ὅθ-ὲ

840 303 845 323 i

188 372 311 430 Omnino
334 370 460 447 „jocum
481 371 639 448 Venerem,
659 369 810 443 conciola,
830 357 955 425 luduin„
974 364 1073 444 (epist.
1092 367 1121 444 2,
1140 367 1167 425 2.
1249 371 1252 384 ·

169 456 171 464 ’
189 453 232 520 56.
253 465 287 519 ci.
307 457 389 540 214.)
415 462 471 518 sibi
490 462 604 518 Musam
628 461 743 517 dedisse
761 457 864 514 fidibus
884 459 1028 514 celebrare
1046 458 1168 534 Latinis,

187 555 233 612 vel
252 556 284 608 ut
303 553 372 610 alibi
391 552 433 608 ait
448 545 551 632 (epist.
572 548 609 607 ad
627 553 685 608 Pis.
705 545 767 630 85.)
790 551 855 620 „Et
864 547 1014 619 juvenum
1033 553 1124 607 curae
1142 556 1171 606 et

91 649 92 654 ’
186 645 282 700 litera
306 648 382 702 olna
407 639 561 717 referress’
584 657 643 697 non
668 642 757 698 semel
781 639 912 725 ostendit
928 639 1060 697 dilucide.
1098 640 1168 696 Inde

188 736 232 789 est
250 734 328 807 quod
347 732 463 806 scripsit
481 732 526 788 od.
546 732 574 808 2,
594 733 621 788 1.
642 732 702 788 3l.:
819 797 831 820 ο

314 871 315 874 ,
334 824 391 881 Sed
410 839 447 878 ne
467 825 589 898 relictis,
608 823 693 878 Musa
712 838 829 898 procax,
842 820 924 893 jocis

335 915 410 972 Ceae
430 917 566 970 retractes
585 929 704 970 munera
721 913 861 988 Naeuiae,

382 1005 654 1062 Mecum'Dle'naco
674 1003 726 1060 sub
748 1010 834 1061 antro

420 1097 532 1161 Quaere
551 1089 650 1152 modos
669 1095 776 1152 leviore
795 1095 913 1168 plectro.

186 1189 215 1241 et
234 1186 365 1242 similiter
383 1185 429 1242 od.
448 1187 476 1261 3,
497 1187 524 1242 3.
543 1186 580 1241 69
599 1201 657 1260 sq.:

267 1311 270 1318 ·
332 1277 399 1333 Non
417 1277 488 1332 baec
501 1277 628 1349 jocosae
646 1275 820 1334 conveniunt
838 1278 939 1351 lyrae:

196 1365 199 1373 ¹
285 1405 286 1408 ,
333 1367 396 1433 Quo
416 1369 500 1424 Musa
518 1363 635 1424 ten'disl
672 1367 781 1425 Desine
800 1365 936 1439 pervicax

274 1499 281 1504 -
380 1457 498 1514 Referre
519 1473 664 1514 sermones
683 1459 811 1514 Deorum
830 1459 860 1512 et

416 1550 522 1620 Magna
540 1550 632 1606 modis
651 1552 770 1604 tenuare
788 1547 895 1622 parvis.

182 1640 252 1696 Inde
273 1641 413 1713 estquod
432 1645 535 1700 molles
554 1642 680 1697 citharae
701 1647 770 1694 suae
790 1638 890 1694 modos
909 1639 993 1694 vocat
1012 1638 1058 1694 od
1079 1637 1165 1714 2,12·.

83 1743 87 1750 ’
183 1732 209 1787 3.
231 1735 260 1786 et
284 1734 449 1806 „Spiritum
478 1733 582 1802 GraJ'ae
611 1739 731 1788 tenuem
760 1727 920 1784 Camenae''
950 1745 968 1783 a
991 1728 1081 1786 Parca
1108 1744 1168 1786 non

182 1822 320 1877 mendaci
344 1822 400 1878 sibi
431 1823 529 1878 datum
557 1820 627 1874 dicit
655 1817 702 1872 od.
728 1817 745 1871 2
750 1857 761 1886 ‚
775 1817 825 1872 ⁸16.
851 1815 896 1872 38.-
934 1818 1005 1874 Inde
1025 1820 1167 1893 estquod

133 1911 142 1918 “
182 1915 255 1969 lusit
271 1911 386 1966 barbito
406 1905 469 1989 (od.
490 1910 517 1984 l,
530 1909 575 1964 32.
589 1901 643 1986 2.),
663 1901 800 1963 laborum
819 1909 900 1966 dubi
919 1911 1060 1966 lenimine
1078 1903 1165 1989 (ibid.

183 2016 210 2056 v.
232 1995 303 2080 15.).
328 2000 400 2056 Inde
419 2003 464 2078 est
483 1999 559 2074 quod
578 1998 614 2054 ab
634 1997 698 2071 ipso
717 1997 833 2054 Phoebo
846 1993 979 2069 Apolline
999 2015 1030 2053 se
1049 2002 1166 2056 tenuem

182 2094 298 2162 poetam
317 2093 452 2164 tanquam
471 2108 488 2147 a
507 2088 659 2148 temerario
679 2104 750 2144 ausu
770 2105 788 2145 a
807 2087 979 2146 sublimioris
1005 2092 1166 2159 argumenti

181 2181 354 2238 carminibus
373 2181 533 2255 pangendis
551 2182 717 2237 revocatum
736 2187 800 2236 es'se
819 2179 901 2250 fingit
918 2179 964 2237 od.
985 2180 1013 2257 4,
1034 2180 1092 2240 15.:

327 2273 460 2330 Phoebus
479 2273 623 2334 volentem
641 2271 751 2346 proelia
769 2287 815 2326 me
833 2270 913 2344 loqui

327 2361 425 2420 Victus
445 2365 475 2418 et
492 2363 594 2438 urbes,
613 2357 772 2438 increpuit,
791 2361 864 2438 lyra,

376 2441 421 2508 Ne
440 2469 530 2523 parva
548 2451 729 2520 Tyrrhenum
747 2463 799 2524 per
818 2459 926 2524 aequor
982 2489 984 2492 -

413 2541 485 2597 Vela
505 2539 611 2595 darem.
631 2557 670 2583 -‘-
936 2536 938 2552 '
1134 2591 1137 2597 ,

180 2629 258 2699 Quid
276 2630 372 2687 verbis
391 2645 466 2704 opus
484 2625 548 2686 esti
585 2630 765 2703 Quamquam
783 2633 925 2705 permulta
942 2635 1008 2690 sunt
1020 2638 1164 2712 poemata,
1262 2637 1265 2644 '

57 2743 62 2752 ¹
179 2721 332 2795 inquibus
358 2721 395 2777 ad
420 2719 551 2792 graviora
579 2723 608 2776 et
637 2721 783 2778 severiora
811 2727 978 2794 argumenta
1007 2727 1165 2782 assurrexit

179 2817 281 2889 poeta,
311 2811 388 2868 haud
417 2811 477 2867 scio
505 2813 602 2866 tamen
620 2826 659 2870 an
676 2812 723 2869 vel
742 2828 780 2868 ex
799 2813 914 2871 diverso
932 2815 1027 2889 pretio
1046 2817 1164 2889 propria

179 2904 353 2959 Horatianus
372 2901 469 2976 poesis
488 2901 599 2958 indoles
625 2903 758 2972 cognosci
784 2905 989 2977 aestimarique
1015 2907 1045 2960 et
1069 2907 1163 2978 possit

179 2995 209 3048 et
228 2993 340 3049 debeat
378 2995 452 3050 Nam
471 2994 503 3048 dt
521 2991 624 3062 frigida
643 2994 732 3049 multa
757 2996 825 3050 sunt
848 2997 879 3050 et
897 2986 1050 3052 artificiose
1075 3011 1169 3069 quae-1

179 3083 235 3138 sita
257 3083 289 3140 in
314 3083 350 3138 iis
376 3083 564 3159 carminibus,
595 3087 669 3155 quae
698 3082 811 3140 extorta
839 3085 929 3154 magn
958 3091 1044 3158 quam
1071 3086 1163 3144 libera

178 3177 280 3246 poetae
300 3173 446 3230 voluntate
467 3177 497 3230 et
515 3173 633 3246 proprio
658 3173 767 3246 impetu
793 3177 857 3230 orta
882 3165 975 3232 sunta
989 3176 1031 3232 ita
1055 3193 1113 3234 una
1132 3182 1162 3234 et
1264 3201 1267 3226 ι

111 3327 116 3336 ,
151 3333 156 3356 Κ
178 3264 361 3320 consentiens
381 3264 451 3321 artis
470 3265 687 3320 aestimatorum
705 3280 763 3320 vox
781 3267 836 3340 est,
856 3265 1083 3342 perfectissimis,
1103 3269 1161 3326 ele·

177 3354 368 3429 gautissimis,
394 3355 605 3410 venustissimis
625 3356 838 3411 annumeranda
857 3372 921 3411 esse
941 3357 1066 3414 carmina
1084 3360 1161 3416 luso-

139 3469 142 3474 v
177 3443 220 3499 ria
239 3447 268 3500 et
286 3447 434 3502 amatoria.
470 3445 532 3502 Nec
551 3446 663 3502 mirum.
686 3445 794 3521 ¹'lautu
813 3445 856 3501 eis
875 3446 951 3502 inest
975 3450 1091 3523 tamque
1109 3462 1161 3504 na·

104 3556 105 3565 ¹
177 3533 236 3589 tiva
260 3534 413 3592 verborum
445 3537 474 3591 et
503 3534 596 3591 omnis
621 3536 836 3608 compositionis
867 3535 1049 3612 simplicitas,
1079 3540 1160 3594 tanta

173 3639 357 3684 numerorum
377 3626 521 3702 suavitas,
540 3629 655 3698 tamque
676 3627 831 3684 concinnus
850 3626 921 3684 ordo
941 3627 1158 3704 sententiarum,
