2792 4576
417 183 423 250 l
630 283 671 296 -
711 250 755 316 3⁰
796 285 839 344 -q

311 411 356 472 Ac
373 410 498 486 primum
515 409 648 491 quidem,
674 413 701 472 ri
719 431 849 474 seorsum
861 419 1012 490 utrumque
1031 415 1136 478 librum
1148 422 1243 480 canl·-

239 507 337 577 gatum
355 515 420 562 esec
439 507 490 562 aut
514 502 653 588 sumimus
678 510 728 563 aut
753 507 950 581 probabilibus
969 508 1129 569 rationibus
1148 510 1228 570 ducti

238 613 292 671 pro
318 598 397 654 certo
426 592 576 677 ponimus,
606 595 639 654 id
667 611 849 671 nequaqnam
878 599 1009 656 veterum
1039 600 1112 658 mori
1142 617 1227 674 repu-

238 703 327 760 gnare
338 685 427 744 velim
444 684 666 762 animadvertas,
686 686 829 759 siquidem
846 703 910 746 non
929 690 1020 747 solum
1038 689 1150 762 Virgilii
1170 692 1226 748 Ge-

238 765 351 853 orgica,
369 771 569 857 emmanu)
588 772 798 858 strenuuin)
821 777 911 836 libros
929 781 1037 853 primos
1062 780 1227 851 smmum

237 869 381 948 prodiisse
400 869 479 924 certo
498 869 620 945 scimus,
640 867 692 924 sed
709 866 801 942 ipsius
814 869 902 926 etiam
909 871 1022 928 Horatii
1040 871 1227 944 epistolarum

237 960 343 1021 librum
361 957 384 1016 L
405 960 436 1014 ct
453 961 612 1018 carminum
628 957 678 1015 lv.
714 958 805 1034 quue
823 961 997 1020 reinaturae
1007 978 1093 1036 quem
1101 962 1226 1020 manime

236 1052 462 1110 consentaneum
480 1052 526 1107 cst
544 1050 575 1108 in
593 1049 630 1106 iis
648 1048 770 1128 libellis,
789 1051 821 1108 in
839 1053 944 1126 quibus
963 1069 1023 1134 non
1040 1069 1130 1110 uuum
1141 1068 1225 1124 argu·

236 1143 366 1200 mentum
388 1140 525 1196 continua
549 1141 764 1214 compositionis
789 1145 865 1202 serie
889 1145 1044 1218 tractatur,
1069 1144 1123 1202 sed
1145 1143 1226 1202 varia

235 1235 369 1308 poemata
388 1229 587 1307 continentur,
612 1232 708 1304 qualia
731 1237 818 1307 prout
841 1232 950 1309 placuit
968 1235 1019 1289 aut
1036 1234 1120 1307 plura
1138 1237 1225 1307 poeta

160 1308 162 1312 ’
236 1311 362 1382 scribere
381 1323 496 1396 poterat
514 1324 564 1378 aut
582 1335 674 1382 non..
833 1305 840 1333 ’

311 1409 427 1472 Deinde
451 1414 578 1472 rationes
596 1412 766 1490 perpende,
793 1429 866 1488 quae
892 1429 1065 1488 magnopere
1091 1415 1222 1492 suadent,

235 1508 269 1564 nt
285 1507 365 1564 idem
382 1507 413 1563 in
432 1506 600 1572 Sermonum
617 1502 699 1560 libris
717 1504 825 1565 factum
844 1520 908 1560 esse
928 1505 1094 1582 credamus,
1119 1505 1222 1564 baseos

311 1597 336 1654 l.
363 1597 470 1652 Omnes
490 1593 608 1651 secundi
626 1593 780 1650 voluminis
799 1575 951 1652 Sermones
969 1596 1132 1670 posteriorc
1150 1599 1223 1654 tem·

156 1677 159 1694 '
233 1701 305 1761 porc
334 1685 434 1758 scripti
464 1687 547 1761 sunt,
576 1700 663 1758 quam
687 1683 737 1758 qui
764 1684 796 1750 in
822 1685 918 1759 primo
945 1686 1088 1758 leguntur.
1113 1688 1223 1756 ,Quod

234 1775 425 1834 etiamsinon
443 1775 538 1832 ubivis
556 1776 649 1850 possit
668 1775 818 1832 evidenter
836 1775 1043 1854 demonstrari,
1068 1774 1100 1836 id
1119 1780 1222 1840 saltem

233 1884 287 1942 pm
306 1869 385 1925 certo
403 1867 606 1950 affirmaveris,
625 1866 737 1924 nullum
755 1883 819 1922 csse
837 1865 991 1944 indicium,
1013 1869 1090 1943 quod
1108 1873 1221 1936 contra·

110 2011 118 2032 ,
233 1960 309 2018 rium
327 1959 440 2036 probet,
460 1961 491 2014 et
508 1974 525 2014 a
545 1957 659 2028 diversa
670 1958 839 2014 Sermonum
856 1961 961 2016 natura
980 1963 1010 2016 ct
1028 1960 1124 2018 indole
1143 1960 1222 2018 haud

234 2051 321 2109 dubie
342 2050 472 2108 diversae
491 2050 594 2122 poetae
614 2049 705 2104 aetati
722 2047 876 2107 tribuenda
894 2049 925 2108 id
948 2050 1044 2124 ipsum
1063 2050 1221 2122 quod'dixi

232 2139 383 2214 probabile
410 2138 488 2212 fieri,
516 2153 554 2193 ne
583 2137 677 2193 dicam
701 2138 802 2194 evinci.
847 2139 914 2196 Non
938 2141 1015 2196 enim
1037 2140 1060 2196 ii
1084 2140 1221 2196 audiendi

116 2221 119 2226 ’
233 2232 317 2310 sunt,
342 2228 392 2300 qui
416 2226 491 2283 hanc
515 2227 629 2284 illamve
652 2225 721 2283 libri
743 2227 780 2284 Π.
807 2227 924 2286 satiram
948 2228 986 2284 ad
1010 2228 1088 2286 idem
1105 2233 1220 2304 lempna

233 2320 396 2395 pertinere,
424 2333 482 2391 quo
505 2317 616 2391 primus
644 2319 790 2382 conlectus
820 2318 923 2396 ilrerit,
952 2321 1021 2378 solis
1048 2319 1219 2392 conjecturis
1342 2392 1343 2400 ἵ

232 2411 386 2487 probatum
397 2409 521 2484 iverunt,
541 2407 651 2466 scilicet
669 2411 702 2464 ut
719 2412 903 2484 praecepium
915 2425 997 2468 suam
1011 2412 1218 2490 opinationem,

231 2503 322 2561 libros
341 2501 514 2574 conjunctim
532 2499 653 2556 emissos
673 2516 747 2576 esse,
766 2497 861 2574 aliqua
879 2505 957 2558 certe
970 2504 1102 2560 veritatis
1121 2504 1219 2578 specie

232 2593 373 2650 fulcirent.
411 2591 457 2648 lta
480 2591 629 2649 Kirchner.
658 2594 769 2664 quaest.
798 2608 827 2665 p.
856 2592 902 2650 60.
928 2589 957 2670 §.
984 2594 1028 2652 18.
1059 2596 1224 2670 speciosius*

232 2699 319 2758 quam
342 2682 450 2738 rectius
475 2681 598 2738 Ofellum
622 2696 697 2738 anno
716 2699 745 2738 u.
765 2699 789 2738 c.
809 2682 873 2740 717.
894 2683 1056 2758 adscripsit.
1094 2687 1133 2742 nt
1152 2699 1216 2746 culn

191 2831 195 2837 ,
233 2775 364 2848 quartam
390 2771 455 2830 libr.
474 2771 497 2828 1.
523 2772 644 2830 satiram
665 2771 703 2829 ad
729 2772 854 2831 hiemem
878 2775 947 2830 anni
965 2775 1045 2848 722„
1076 2772 1217 2830 decimam

175 2919 177 2924 ,
231 2867 352 2940 propior
379 2861 472 2922 cassii
502 2862 617 2919 Etrusci
641 2865 762 2920 mortem
787 2860 830 2943 (v.
855 2861 917 2940 62.)
942 2861 980 2918 ad
1009 2863 1119 2918 exitum
1147 2864 1215 2920 anni
1256 2920 1259 2938 ,

232 2956 296 3013 723.
317 2971 407 3030 prava
425 2953 636 3027 computatione
661 2954 823 3030 retulisset,
852 2952 976 3026 indeque
1006 2955 1214 3030 „Damasip-

232 3045 356 3123 pum“‚
385 3063 471 3121 quem
489 3045 590 3121 primis
615 3047 683 3102 anni
702 3041 764 3102 722.
786 3043 931 3126 mensibus
957 3043 1027 3099 satis
1046 3048 1123 3101 recte
1142 3047 1214 3104 asai-

232 3138 340 3213 gnavit,
358 3139 416 3194 illis
435 3138 539 3220 eclogia
559 3140 687 3211 tempore
706 3134 940 3212 praeponendum
952 3151 1016 3192 esse
1030 3126 1212 3196 deduxisset}

231 3245 290 3286 non
308 3229 371 3284 erat
389 3244 458 3284 sane
478 3228 555 3301 quod
573 3228 713 3298 ejusmodi
732 3225 941 3299 suspicionibus
954 3225 1039 3283 nixus
1052 3229 1213 3302 promiscue

231 3319 381 3390 utriusque
407 3318 530 3390 syllogcs
555 3335 701 3375 sermones
727 3318 860 3374 exmatos
885 3332 949 3373 esse
968 3321 1084 3402 putare?
1107 3320 1211 3396 “mir
1308 3389 1310 3396 .

232 3409 302 3486 quin
330 3409 418 3464 ctiam
446 3424 505 3466 uno
536 3407 693 3481 eodemque
724 3410 856 3479 tempore
879 3407 968 3465 libros
999 3409 1131 3481 vulgatos
1157 3426 1211 3486 prc

231 3504 310 3560 certo
328 3502 455 3575 poneret.
495 3499 624 3557 Certiora
639 3499 673 3554 iu
689 3513 721 3554 rc
741 3498 867 3556 sublesta
879 3502 1047 3572 argumenta
1058 3501 1210 3578 flagitabit,
1268 3489 1272 3498 ’

234 3640 427 3660 dh———n-—-

296 3711 342 3776 io)
358 3709 468 3774 propert
484 3679 522 3756 ea
537 3704 635 3754 naam.
651 3699 727 3768 prees.
743 3720 767 3770 p.
783 3705 884 3757 xnvn.

296 3793 342 3857 11)
357 3792 454 3842 Laobm.
470 3787 502 3839 ad
519 3787 605 3838 Tibull.
621 3803 644 3852 p.
661 3787 702 3842 ll.
720 3792 746 3840 et
759 3787 845 3842 neuen
862 3788 901 3840 cd.
917 3785 973 3842 Tib.
990 3805 1013 3856 p.
1031 3794 1071 3843 2⁰.
1099 3810 1116 3842 e

1373 266 1390 358 l

1378 919 1390 1004 l
