2776 4582
532 233 771 350 {roo-

121 473 125 476 ·
182 448 215 506 ut
231 447 268 506 de
287 445 403 516 aedium
421 447 755 525 emuucdmccogircs,
773 445 924 522 tumquotl
943 463 993 506 eas
1006 446 1069 520 jam
1087 453 1178 508 anno·

181 539 245 598 723.
263 554 283 597 a
299 539 467 598 Maecenate
485 538 630 598 habitatas
642 557 715 598 *esse
734 540 855 616 constat,
873 542 948 597 teste
964 540 1065 598 Horat.
1079 541 1162 616 epod.

177 631 217 707 ,9,
241 630 257 687 1
277 644 320 704 sq.
345 631 377 688 et
394 631 454 688 Sat.
479 630 514 708 2,
538 631 567 687 6.
591 632 628 688 32
653 648 696 706 sq.
740 630 812 688 Inde
841 631 1024 688 manifestum
1052 634 1097 688 est
1127 648 1165 690 cx

182 721 331 796 uniusque
365 722 423 780 loci
458 723 671 796 comparatione
706 737 887 797 nequaquam
916 723 1002 798 posse
1034 737 1166 782 caussam

183 812 264 888 elici,
284 827 342 886 qua
359 815 507 887 permotus
526 813 650 872 Satiram
669 814 696 890 l,
716 814 743 871 8.
763 814 894 889 maximo
912 817 980 872 anta
999 815 1058 872 Sat
1083 813 1118 890 2,
1137 813 1164 870 3.

181 906 330 962 masam
354 894 443 962 dicas.
480 903 572 962 immo
596 921 662 962 cum
685 905 876 980 complanatio
906 910 938 964 et
968 904 1086 964 siccatio
1109 899 1167 962 loci

183 997 242 1052 tam
260 993 403 1071 paludosi,
422 997 457 1051 ut
474 1010 525 1052 aar
543 1011 657 1052 crassus
675 999 706 1053 et
724 1000 874 1056 concretus
885 996 1028 1054 vicinitati
1038 997 1167 1071 noceret,

131 1161 133 1164 Ι
182 1083 261 1142 haud
280 1083 367 1142 dubie
384 1085 510 1159 plurium
527 1101 667 1145 annorum
688 1087 818 1147 laborem
836 1072 1005 1165 postularet,
1023 1086 1167 1144 absoluta·
1295 1149 1298 1154 ,

174 1189 241 1248 quc
259 1174 379 1233 deberet
397 1193 479 1254 esse,
504 1179 659 1252 antequam
681 1172 821 1237 novarum
844 1179 960 1238 aedium
983 1178 1169 1236 fundamenta

179 1263 359 1336 jacerenturz
378 1270 460 1341 patet
479 1283 545 1326 cum
563 1269 798 1347 aedificationem,
818 1286 892 1344 quae
910 1289 938 1328 a.
958 1271 1021 1330 723.
1035 1263 1170 1344 adfinem

183 1354 323 1430 perducta
353 1361 446 1434 esset,
483 1361 546 1417 tum
576 1361 668 1432 magis
699 1362 788 1418 etiam
818 1361 967 1436 hortorum
998 1364 1170 1420 structuram

133 1479 135 1482 ·
182 1448 274 1504 multo
302 1450 369 1506 ante
398 1465 424 1506 a.
449 1449 513 1506 723.
543 1449 688 1524 inceptam
715 1450 814 1508 luisse.
852 1451 950 1510 Satira
972 1456 1071 1510 autem
1089 1454 1123 1530 l,
1141 1452 1169 1508 8.

186 1538 295 1613 scripta
322 1542 368 1598 est
395 1543 551 1615 antequam
573 1542 730 1614 sepulcreti
754 1541 945 1615 complanatio
969 1542 1102 1601 absoluta
1125 1559 1170 1601 es·

186 1633 241 1707 set,
259 1630 291 1688 id
310 1630 388 1705 qnod
405 1635 522 1706 praeter
539 1648 583 1690 vs.
604 1632 649 1690 15.
669 1632 715 1689 20.
735 1635 766 1688 et
784 1633 829 1690 36.
848 1633 1010 1690 luculenter
1027 1649 1171 1692 common·

185 1723 278 1779 stram
295 1739 339 1780 vs.
366 1723 400 1780 17
427 1739 487 1800 sq.,
515 1723 593 1782 unde
621 1724 696 1781 adeo
723 1727 869 1782 recentem
897 1724 1004 1783 montis
1032 1725 1172 1782 culturam

185 1813 275 1871 inisse
293 1818 430 1890 apparet,
455 1817 489 1870 ut
505 1830 543 1870 ne
561 1817 640 1872 sures
659 1813 778 1887 quidem
794 1817 930 1890 feraeque
953 1816 1048 1873 locum
1064 1831 1173 1872 vexare

72 1902 77 1907 “
135 1976 138 1982 Ι
185 1903 353 1962 desuevisse
373 1903 514 1962 dicantur.
553 1903 619 1970 Qua
637 1901 675 1959 dc
699 1919 732 1960 re
751 1903 878 1974 dubitari
901 1905 1002 1978 nequit
1027 1905 1098 1980 quin
1121 1920 1172 1976 aq.

90 2051 94 2056 ,
185 2008 256 2050 num
273 2009 302 2051 u.
322 2010 347 2051 c.
367 1993 431 2051 720.
451 1991 541 2052 multo
560 1995 758 2062 antecesserit.
789 1993 887 2053 Debet
904 1998 1001 2052 autam
1019 1998 1087 2070 post
1104 2012 1172 2054 ann.

186 2083 251 2142 m.
270 2085 430 2160 composita
447 2101 522 2142 esse.
558 2085 633 2144 Vide
651 2084 795 2156 igiturne
814 2101 921 2142 annum
939 2084 1003 2143 718.
1022 2086 1173 2168 verissime

57 2242 63 2248 .
186 2175 216 2232 ei
233 2175 440 2247 assignaverim
457 2172 592 2242 natalem.
611 2211 650 2222 -
668 2177 825 2234 Weichert.
845 2176 882 2234 de
900 2177 966 2234 Var.
993 2181 1023 2236 et
1043 2179 1122 2237 cass.
1142 2197 1171 2254 p.
1203 2175 1210 2194 ¹

187 2265 232 2323 48.
252 2283 279 2325 a.
298 2268 449 2346 lla-20,
468 2270 579 2327 Grotel.
593 2279 628 2342 p.
648 2266 713 2325 460.
723 2267 752 2325 b.
772 2283 837 2330 ann.
858 2268 922 2327 715.
948 2285 1014 2326 eam
1038 2270 1173 2346 scriptam

3 2313 14 2340 ⁸
70 2339 81 2353 '
188 2371 253 2416 eac
272 2362 430 2422 suumne.
450 2361 486 2419 cc
504 2359 624 2420 mean.-
643 2362 754 2435 quaest.
773 2375 802 2434 p.
821 2360 867 2418 rr.
887 2357 917 2437 ς.
936 2361 981 2418 so.
1032 2405 1035 2412 .
1074 2387 1075 2392 ¹

221 2571 224 2578 ·
263 2539 536 2602 §MIRAR-
567 2543 681 2617 ,ddum
696 2530 870 2612 fortccid‘
890 2541 998 2616 scripta
1023 2544 1085 2619 est,
1109 2558 1175 2602 cum

98 2669 102 2673 -
187 2631 327 2692 Horatius
341 2630 405 2703 jam
421 2632 465 2688 ita
479 2631 514 2689 in
531 2632 625 2704 gratia
642 2629 821 2690 Maecenatis
840 2636 934 2710 esset,
953 2635 987 2691 ut
1004 2649 1064 2692 non
1082 2635 1176 2694 solum

188 2723 223 2780 in
240 2721 304 2780 dies
321 2723 444 2780 aliorum
456 2722 623 2783 ¹invidentia
641 2727 828 2802 accresceret,
847 2725 1054 2796 verumetiam
1066 2729 1175 2802 essent,

190 2815 242 2888 qui
259 2812 322 2885 ejus
341 2814 512 2872 aucwritate
532 2816 562 2872 et
579 2815 787 2874 intercessione
812 2831 844 2874 sa
868 2815 912 2873 illi
935 2815 1075 2874 traditum
1099 2831 1175 2876 com·
1260 2847 1265 2858 a
1358 2827 1361 2834 ·

189 2905 414 2980 mandatumque
432 2908 571 2980 cuperent
590 2900 634 2982 (v.
654 2907 690 2964 43
710 2901 780 2990 sq).
819 2907 893 2967 Cum
909 2901 1056 2981 igiturex
1073 2905 1110 2963 iis
1129 2922 1175 2964 aa·

189 2996 255 3076 tiris
273 3010 348 3068 quac
366 2997 543 3071 praecedunt
560 2998 639 3056 nulla
656 3001 717 3056 tam
728 3001 821 3056 artam
839 2998 1017 3056 Maecenatis
1036 2999 1066 3062 et
1083 2998 1176 3056 Hora-

190 3087 226 3144 tii
243 3085 466 3146 familiaritatem
484 3086 589 3163 prodat
607 3105 695 3163 quam
712 3090 794 3166 haec,
812 3088 911 3166 nescio
930 3104 968 3147 an
985 3103 1096 3150 summo
1109 3089 1177 3161 jure

190 3177 229 3235 iis
257 3178 390 3236 omnibus
417 3181 562 3252 posterior
589 3197 654 3238 esse
683 3180 804 3238 dicatur.
841 3179 904 3240 Nec
933 3179 1078 3240 abutimur
1104 3183 1176 3256 puto

156 3267 379 3340 ‘divinationis
403 3268 584 3350 adjumento,
609 3272 636 3328 si
654 3287 720 3328 eam
736 3271 814 3330 intra
831 3270 1066 3346 praecedentium
1083 3273 1114 3348 et
1133 3287 1178 3328 sc·
1262 3327 1265 3331 ,
1349 3245 1355 3259 ’

187 3355 308 3434 'quentis
332 3361 464 3434 tempora
487 3363 628 3423 inclusam
652 3378 736 3424 auno
752 3359 819 3434 sure
835 3380 866 3422 u.
885 3377 910 3422 c.
931 3364 1008 3424 719.
1026 3365 1176 3424 adulatum

162 3466 258 3535 *ease
283 3449 497 3528 contendimus,
528 3456 559 3510 et
585 3469 675 3513 vomo
702 3453 821 3530 quidem
847 3457 976 3529 tempore
1005 3447 1049 3535 (v.
1074 3453 1120 3510 70.
1139 3451 1175 3509 cl.

193 3542 278 3600 Jahn.
297 3541 344 3600 ed.
363 3559 393 3617 p.
412 3535 503 3624 253).
540 3543 623 3603 Idem
652 3545 762 3620 placuit
791 3545 958 3604 Weicherto
991 3544 1027 3601 de
1053 3544 1120 3602 Var.
1145 3543 1177 3598 et

196 3632 276 3690 Cass.
295 3649 324 3706 p.
344 3634 389 3693 47.
408 3637 486 3709 poet.
505 3633 557 3692 rel.
575 3651 605 3709 p.
625 3636 688 3693 454.
708 3639 739 3694 ct
756 3654 786 3711 p.
795 3637 872 3715 303,
891 3635 1104 3715 atqucPassov.
1123 3632 1175 3690 vit

195 3725 256 3782 not.
276 3724 340 3784 166.
359 3757 397 3772 -
414 3725 531 3788 Kirclrn.
551 3724 610 3784 tab.
629 3726 688 3784 chr.
708 3727 772 3784 720.
