2760 4588
331 1053 573 1155 'casola
610 1059 1007 1210 pAOHMANNl

289 1264 360 1341 sn
402 1259 444 1339 c.
474 1261 751 1370 rosunum
790 1256 1061 1348 nrrsronn..

627 1488 708 1500 -ιι-

181 1656 331 1744 [libellus
352 1675 411 1739 iste
433 1686 512 1753 tuus,
535 1672 650 1737 Franki
673 1671 845 1750 carissime,
868 1670 1045 1754 quem'mibi
1065 1689 1159 1753 nuper

182 1805 275 1866 paene
297 1783 461 1846 absolutum
482 1780 650 1857 tradidisti,
671 1779 847 1862 bibliopolae
868 1778 955 1861 paulo
982 1776 1160 1842 vendibilior

154 1919 158 1926 2
182 1875 296 1952 iuturus
318 1886 485 1964 videbatur,
508 1886 592 1967 siqua
614 1906 632 1948 a
652 1905 699 1946 me
723 1885 787 1947 eins
807 1884 949 1947 accedere
963 1894 1067 1968 posset
1080 1877 1159 1946 oom-

181 1994 342 2062 meudatio.
372 1994 404 2055 in
433 2014 489 2074 qno
511 1992 595 2056 vides
616 1990 857 2054 honestissimum
884 1991 982 2054 virum
1002 1990 1158 2053 nonsatis

180 2113 263 2165 recte
284 2117 385 2163 rerum
406 2110 515 2163 statum
539 2109 569 2162 et
589 2099 737 2161 hominum
766 2097 873 2160 indicia
898 2097 1093 2181 intellegere,
1126 2107 1159 2159 ut

179 2210 341 2272 verendum
363 2191 461 2270 sitne
483 2207 635 2270 commodo
658 2227 712 2268 suo
734 2215 841 2267 noceat
868 2205 962 2287 magis
984 2225 1070 2287 quam
1090 2223 1158 2287 pro-

181 2317 231 2379 sit.
255 2326 325 2378 nam·
344 2325 376 2377 tu
398 2312 518 2377 Horatii
540 2323 706 2397 poematum
735 2322 869 2404 tempora
890 2323 921 2374 te
942 2312 1158 2398 demonstratu·

180 2443 245 2484 rum
266 2421 432 2504 promittis3
462 2440 526 2482 rem
546 2419 646 2482 multis
667 2429 781 2501 gratam
804 2429 835 2482 et
855 2419 1075 2496 neeessariam,
1104 2419 1158 2482 sed

180 2526 290 2588 laboris
312 2547 346 2587 ae
368 2524 459 2587 taedii
479 2524 615 2607 plenam,
648 2545 734 2605 quam
763 2527 840 2586 seire
868 2524 953 2587 multi
970 2525 1155 2602 desiderant,

181 2652 326 2715 quaerere
339 2631 444 2693 volunt
457 2631 494 2694 de
508 2631 598 2713 vulgo
618 2630 670 2692 vel
690 2631 747 2694 duo
768 2631 819 2694 vel
832 2649 930 2695 nemo.
949 2650 1021 2715 ergo
1043 2634 1089 2721 de,
1100 2632 1156 2694 bao

180 2759 214 2802 re
245 2738 347 2801 brevis
378 2737 495 2801 libellus
528 2746 676 2820 emptores
708 2737 827 2804 babebit
857 2759 917 2802 non
947 2759 1074 2823 pauooS,
1108 2737 1157 2821 qni

177 2837 301 2928 praeter
320 2846 414 2929 ipsum
437 2854 640 2928 argumentum
671 2843 759 2907 aliam
786 2844 1069 2910 commendationem
1096 2866 1156 2908 non

179 2952 342 3035 requirant.
374 2952 480 3014 nedum
502 2970 620 3030 meam,
645 2971 731 3034 quem
753 2952 802 3034 qui
828 2953 861 3015 in
887 2952 943 3016 boo
963 2972 1074 3035 genere
1096 2961 1176 3015 nor(

181 3059 256 3121 nihil
281 3058 483 3124 elaboravisse
513 3057 627 3136 sciunt,
662 3058 684 3119 ii
712 3079 749 3122 ne
778 3056 833 3122 hoo
861 3059 977 3141 quidem
1004 3060 1153 3142 ignorant,

180 3186 266 3248 quam
287 3186 346 3228 non
368 3165 530 3228 elementer
551 3165 587 3228 de
608 3164 739 3228 miriiieis
768 3165 949 3248 quorundam
980 3167 1154 3232 commentis

180 3272 307 3335 dixerim
328 3292 405 3334 anno
426 3268 590 3350 XXXVI,
621 3293 686 3335 oum
712 3271 744 3334 in
765 3273 938 3336 definiendis
958 3271 1069 3336 Tibulli
1089 3295 1155 3336 ear·

180 3380 290 3442 minum
304 3377 483 3461 temporibus
498 3376 664 3441 Horatiana
684 3378 754 3440 mibi
775 3377 946 3463 attingenda
963 3377 1075 3444 ess'eut.
1098 3381 1153 3442 boo

179 3497 212 3548 tn
254 3484 364 3548 iudioio
402 3504 469 3546 meo
511 3485 615 3548 callide
659 3485 821 3569 praeterito
864 3487 978 3571 magnis
1019 3483 1153 3550 laudibus

179 3593 247 3682 τοὺς
265 3592 421 3666 δοκοῦντας
442 3590 594 3669 extulisti,
623 3612 661 3654 ne
683 3591 829 3656 sentirent
855 3593 969 3656 seilicet
989 3604 1020 3656 te
1039 3592 1071 3654 in
1091 3613 1154 3656 ma·-

110 3741 112 3746 .
179 3694 291 3760 iuribus
314 3696 474 3780 quibusque
504 3707 535 3758 et
562 3696 728 3762 difficilibus
755 3698 845 3763 rebns
873 3699 909 3762 ab
937 3699 981 3762 eis
1009 3701 1152 3763 secedere

115 3787 121 3800 “
177 3812 211 3863 et
231 3803 329 3868 redire
357 3823 442 3886 quam
463 3803 598 3887 proxime
618 3807 656 3868 ed
677 3827 818 3870 summam
838 3804 1032 3871 bentleianae
1054 3806 1153 3891 dispu-
