2772 4592
339 1068 581 1158 cultum
618 1064 1015 1214 pAOHMANNl

296 1267 367 1344 un
409 1263 452 1343 o.
481 1265 759 1376 neumam
798 1261 1069 1354 nrrsronn
1159 1280 1161 1286 η

189 1655 338 1746 Libellus
360 1679 419 1742 istc
441 1690 521 1756 tuus,
543 1676 658 1741 Franki
681 1676 853 1754 carissime,
876 1675 1052 1760 quem'mibi
1073 1695 1167 1759 nuper

189 1807 282 1869 paene
304 1786 469 1848 absolutum
490 1784 658 1862 tradidisti,
679 1784 855 1866 bibliopolae
876 1784 963 1866 paulo
990 1782 1168 1847 vendibilior

159 1923 165 1932 ι
189 1879 303 1956 futurus
325 1892 492 1969 videbatur,
515 1891 600 1971 siqua
620 1910 639 1952 a
659 1909 706 1950 me
730 1889 794 1952 eius
814 1889 956 1952 accedere
971 1899 1074 1973 posset
1087 1881 1166 1951 co'm-

188 1997 349 2064 mendatio.
379 1997 410 2058 in
439 2017 496 2079 quo
517 1995 602 2059 vides
624 1987 873 2058 honestissimum
891 1995 988 2059 virum
1010 1995 1165 2058 nonsatis

187 2115 269 2168 recte
291 2125 392 2167 rernm
413 2113 522 2166 statum
545 2112 576 2165 et
596 2101 744 2165 bominum
772 2101 880 2164 iudicia
905 2101 1100 2185 intellegere,
1133 2112 1166 2164 ut

186 2213 349 2275 verendum
371 2195 469 2273 sitne
491 2210 643 2273 commodo
665 2231 719 2272 suo
741 2219 848 2272 noceat
875 2209 968 2291 magis
991 2229 1077 2292 quam
1097 2229 1165 2292 pro-

187 2319 238 2381 sit.
262 2329 332 2381 nam
352 2329 384 2381 tu
406 2315 527 2380 Horatii
547 2327 714 2400 poematum
743 2326 877 2408 tempora
898 2327 928 2378 te
949 2316 1165 2380 demonstratu-

186 2446 252 2488 rum
274 2425 439 2507 promittis3
469 2443 533 2486 rem
554 2423 653 2486 multis
674 2433 789 2505 gratam
811 2433 843 2484 et
863 2423 1082 2501 necessariam,
1111 2424 1166 2486 sed

186 2531 296 2592 laboris
319 2550 353 2591 ac
375 2528 465 2591 taedii
486 2528 621 2611 plenam,
655 2549 741 2611 quam
769 2531 847 2592 scire
876 2529 959 2592 multi
977 2529 1162 2608 llesiderant‚

187 2656 331 2720 quaerere
345 2635 450 2698 volunt
464 2635 500 2698 dc
515 2634 604 2717 vulgo
625 2635 676 2698 vel
696 2636 753 2699 duo
775 2636 825 2699 vel
839 2655 936 2700 nemo.
955 2655 1027 2720 ergo
1049 2638 1096 2726 de,
1107 2637 1163 2701 bac

186 2763 220 2807 rc
252 2742 353 2806 brevis
384 2741 501 2805 libellus
535 2750 684 2824 emptores
715 2741 834 2806 babebit
863 2765 924 2806 non
954 2764 1081 2828 paucos,
1115 2744 1165 2827 qui

183 2841 307 2932 praeter
327 2851 421 2933 ipsum
444 2859 647 2931 argumentum
678 2848 767 2913 aliam
793 2849 1076 2915 commendationem
1103 2872 1163 2914 non

186 2957 349 3038 requirant.
380 2957 487 3020 nedum
508 2975 627 3034 meem‚.
652 2977 738 3039 quem
760 2957 809 3039 qui
835 2958 867 3021 in
894 2957 949 3021 boc
970 2978 1081 3041 genere
1102 2968 1183 3021 nom
1267 2951 1269 2959 ’

188 3063 259 3126 nihil
288 3063 490 3130 elaboravisse
519 3063 634 3140 sciunt,
669 3064 691 3124 ii
718 3084 756 3126 ne
785 3061 840 3127 hoc
868 3064 983 3146 quidem
1010 3066 1161 3148 ignorant,

187 3191 272 3252 quam
293 3191 353 3232 non
374 3170 537 3233 clementer
558 3170 594 3232 de
615 3169 745 3232 mirificis
775 3170 955 3254 quorundam
987 3173 1161 3237 commentis

187 3276 313 3340 dixerim
334 3296 412 3338 anno
433 3272 596 3354 XXXVI,
627 3269 692 3340 cum
718 3276 751 3339 in
771 3277 944 3342 definiendis
965 3277 1076 3342 Tibulli
1096 3301 1162 3344 car·

186 3383 296 3446 minum
311 3381 490 3465 temporibus
504 3380 671 3445 Horatiana
690 3383 761 3446 mibi
781 3383 952 3467 attingenda
970 3383 1082 3452 ess'ent.
1105 3387 1160 3448 boc

185 3501 218 3552 tn
260 3487 367 3552 iudicio
408 3508 475 3550 meo
517 3489 621 3553 callide
665 3489 827 3574 praeterito
871 3493 985 3577 magnis
1026 3490 1159 3556 laudibus

184 3597 253 3669 τούς
271 3596 427 3670 δοκοῦντας
448 3594 600 3674 extulisti,
630 3617 667 3659 ne
690 3596 836 3664 sentirent
862 3599 976 3662 scilicet
995 3609 1026 3661 tc
1045 3598 1077 3660 in
1097 3619 1160 3662 ma·

121 3789 127 3802 x
184 3700 297 3764 iuribus
320 3700 480 3784 quibusque
510 3711 541 3762 et
569 3701 734 3768 difficilibus
761 3703 851 3768 rebus
879 3706 916 3767 ab
944 3705 988 3768 eis
1015 3706 1158 3769 secedere

182 3817 216 3868 et
236 3808 335 3872 redire
362 3828 447 3891 quam
469 3808 604 3892 proxime
624 3811 662 3872 ed
683 3831 825 3878 summam
845 3810 1038 3877 Bentlciauae
1060 3812 1159 3896 dispu-
