2760 4588
629 243 685 289 -·
703 235 764 304 ue
779 271 834 308 ,-
883 227 886 240 ·

243 399 371 474 suscepit
395 396 609 472 expeditionem
627 415 655 456 a
674 399 738 458 727.
776 366 925 462 liemensit
949 403 1047 460 tamen
1071 401 1105 458 iu
1121 403 1227 480 Gallie,

140 524 143 535 ι
240 507 312 550 cum
329 491 473 548 Britanni
496 492 554 548 oiri
577 497 676 549 esseut
692 495 807 550 mittere
830 493 884 566 oui
904 494 1131 564 promeremur
1150 487 1227 570 (Dio

242 583 295 658 53,
314 577 392 660 22),
416 595 511 653 neque
528 580 594 654 ipsa
609 582 707 639 ,Gallie
725 583 796 640 setis
815 585 892 639 esset
910 585 1020 656 pacata.
1057 583 1142 640 Anno
1159 583 1226 641 728.

243 673 336 730 simile
367 671 429 742 ejus
460 671 610 727 consilium
628 675 704 730 ‚orte
726 673 922 748 Salassorum,
956 673 1164 732 Cantabrorum
1195 678 1228 733 et

242 765 380 822 Asturum
398 760 554 818 rebellione
573 762 687 830 irritum
704 763 808 823 cecidit
826 757 900 842 (Dio
918 763 965 840 53,
984 757 1054 846 25.).
1082 765 1131 822 Ad
1149 765 1228 822 hunc

242 853 381 928 temporis
400 855 539 929 tractum,
558 867 652 925 neque
671 867 756 929 vero,
775 855 808 910 ut
826 853 979 912 commenti
998 857 1065 910 suut
1082 855 1228 929 iuterpre-

243 948 299 1021 tee,
318 944 356 1001 ad
374 960 399 1000 a.
420 943 483 1001 734.
503 944 549 1002 vel
568 944 632 1001 735.
652 943 796 1018 pertinere
815 943 950 1002 videntur
968 945 1116 1002 Strabonis
1134 946 1228 1004 verba
1269 934 1274 940 ’

242 1035 279 1092 iu
292 1034 357 1092 libr.
376 1034 424 1092 lv.
444 1050 507 1106 cap.
531 1034 562 1092 5.
578 1048 607 1108 p.
627 1035 707 1090 200.t
743 1032 821 1093 Novi
843 1035 898 1109 μέν
920 1053 970 1092 roe
991 1033 1050 1093 τῶν
1074 1029 1228 1094 δυναστῶν

242 1144 317 1196 τινες
340 1124 400 1183 τῶν
424 1121 536 1182 αὐτόθι
558 1120 751 1203 πρεσβεύαεσν
774 1125 823 1186 eet
846 1123 1022 1205 θεραπείαις
1044 1139 1228 1204 κατασκευα-

242 1216 368 1292 σάμενον
390 1210 442 1286 τὴν
459 1210 536 1293 πρὸς
553 1213 695 1292 Καίσαρα
718 1211 769 1272 τὸν
792 1211 944 1290 Σεβαστὸν
967 1215 1083 1293 φιλίαν,
1108 1215 1229 1289 ἀναθή-

242 1305 325 1384 ματα
350 1323 383 1364 τε
410 1303 556 1378 ἀνέθηκαν
580 1299 610 1362 ἔν
628 1300 673 1380 τῷ
690 1303 884 1384 lauretto,
911 1307 961 1364 nui
988 1303 1095 1364 αἰκείαν
1122 1301 1239 1384 σχεδὸν

139 1401 142 1408 ’
242 1394 468 1476 παρεσκεύασαν
485 1396 548 1465 ταῖς
563 1394 725 1471 Ῥωμαίοις
734 1392 803 1468 ὅλην
811 1393 863 1468 ’τὴν
879 1395 975 1470 νῆσον.
995 1399 1030 1454 ci.
1042 1399 1159 1456 Passov.
1172 1399 1225 1456 rit.

133 1523 136 1530 =
240 1492 302 1547 not
322 1489 387 1546 249.
412 1519 451 1539 -ψ
473 1487 626 1544 Horatium
654 1488 751 1542 auteur
776 1487 946 1559 intelligitur
971 1503 1030 1545 uon
1057 1480 1115 1546 alio
1141 1489 1225 1546 facile

240 1585 372 1654 tempore
390 1579 446 1635 hoc
464 1592 580 1634 carmen
598 1575 758 1651 scripsisse,
778 1592 864 1650 quam
881 1595 908 1636 a.
928 1579 991 1636 727.
1005 1584 1055 1638 aut
1067 1581 1142 1657 723,
1161 1596 1228 1638 cum

239 1671 281 1728 ed
298 1670 461 1740 Augustum
478 1667 511 1724 in
529 1665 623 1723 Gallie
641 1670 862 1730 commorantem
886 1667 1018 1726 Britanni
1037 1672 1113 1728 ultro
1130 1671 1226 1728 misis-

242 1764 308 1818 sent
325 1753 444 1830 legem.
483 1757 548 1824 Qua
567 1755 602 1814 de
621 1774 653 1813 re
672 1769 737 1814 cum
755 1758 875 1816 Romam
893 1761 1011 1818 nuntius
1034 1763 1161 1837 perlutus
1179 1778 1226 1818 es·
1253 1763 1257 1770 '

242 1853 302 1928 set,
318 1852 380 1907 erat
399 1863 468 1906 saue
488 1847 566 1922 quod
583 1849 671 1922 poeta
687 1848 830 1926 Augusto,
850 1867 869 1906 a
886 1866 943 1924 quo
961 1853 1108 1926 perterriti
1127 1854 1225 1910 hostes

241 1957 343 2016 pacem
361 1940 529 2015 petiissent,
549 1938 676 1998 divinam
694 1958 763 1998 vere
782 1943 941 2016 potentiam
965 1943 1122 2020 tribueret,
1147 1959 1226 2022 eum·

241 2050 300 2108 que
318 2049 356 2090 ex
374 2029 558 2106 expeditione
569 2031 740 2089 reducema
751 2033 887 2090 Romanis
906 2035 1043 2106 tanquam
1063 2033 1149 2090 deum
1163 2033 1226 2090 cul·

242 2129 305 2181 tum
328 2123 366 2180 iri
389 2124 585 2192 auguraretur.
621 2123 684 2180 Nec
709 2123 783 2192 male
808 2124 963 2192 auguratus
988 2125 1042 2180 est.
1079 2124 1155 2180 Nam
1172 2125 1227 2183 im·
1299 2199 1303 2204 .

163 2265 166 2270 .
240 2217 360 2290 perator
377 2229 403 2270 a
429 2213 493 2270 730.
518 2211 625 2285 insigni
650 2212 777 2268 omnium
801 2212 995 2268 Romanorum
1020 2211 1117 2268 studio
1141 2227 1226 2270 exce·
1308 2223 1312 2230 '

242 2309 310 2380 ptus
329 2307 359 2361 et
376 2301 527 2378 permultis
544 2300 638 2357 denuo
656 2301 815 2358 honoribus
832 2301 951 2360 affectus
964 2304 1017 2360 est
1036 2301 1117 2362 Tune
1128 2301 1225 2376 ipsum

241 2397 355 2470 legibus
374 2393 539 2452 solvebatur
556 2383 631 2472 (Dio
648 2392 695 2468 53,
714 2392 760 2450 26.
780 2394 810 2450 et
828 2386 901 2472 23).
953 2437 959 2442 .

316 2487 380 2554 Qud
394 2485 461 2556 jure
480 2485 577 2540 autem
593 2483 651 2540 isto
669 2486 798 2557 tempore
817 2482 981 2560 Britannos,
1001 2484 1104 2542 eodem
1121 2486 1224 2546 Perses
1248 2501 1251 2504 ·

242 2575 510 2652 imperi0·adjectos
536 2573 620 2632 dixit.
655 2573 731 2632 Nam
750 2573 812 2644 jem
836 2590 863 2630 a.
889 2574 964 2634 725..
979 2575 1170 2647 Octavianus,
1193 2579 1225 2634 ut

242 2668 359 2742 saepius
377 2664 512 2739 vidimus,
531 2664 664 2721 Parthica
682 2664 818 2734 attigerat
836 2667 867 2720 et
879 2669 1035 2740 propterea
1046 2669 1157 2748 tantm
1168 2668 1224 2724 Ro-

242 2773 393 2817 manorum
411 2755 518 2812 inierat
536 2754 668 2832 gratiam,
687 2757 854 2829 tantamque
874 2755 994 2826 gloriam
1012 2757 1133 2814 meritus
1152 2760 1222 2834 erat,
1347 2801 1348 2813 .

242 2855 276 2908 ut
300 2848 393 2908 divini
417 2847 541 2904 honores
566 2846 594 2901 ei
619 2844 840 2904 decernerentur
863 2840 937 2925 (Dio
962 2847 1015 2922 51,
1043 2841 1116 2926 21.).
1152 2848 1223 2906 Tum
1346 2863 1347 2879 ν

243 2956 299 3016 per
327 2958 353 2997 a.
374 2937 438 2996 726.
467 2939 497 2993 et
525 2935 589 2994 727.
617 2935 725 2993 bellum
752 2936 923 2994 moliebatur
954 2939 1054 2994 contra
1078 2939 1224 2996 Orientem
1344 2915 1346 3007 J

242 3035 274 3088 et
291 3031 364 3089 duos
384 3027 594 3102 conscripserat
613 3026 776 3102 exercitus,
795 3043 916 3100 quorum
933 3027 1055 3087 alterum
1073 3029 1228 3094 inrorienf

242 3124 302 3178 tem
326 3122 482 3196 missurus,
511 3118 633 3181 alterum
658 3118 722 3191 ipse
748 3117 887 3176 ducturus
911 3120 973 3176 erat
991 3119 1222 3186 oontraBritan·
1342 3109 1343 3137 ¹

242 3227 306 3268 nos.
348 3213 382 3270 er
416 3211 462 3268 oa
491 3209 524 3284 1,
563 3207 609 3264 35.
649 3207 684 3283 e,
699 3273 702 3278 ,
718 3209 744 3266 s.
793 3207 874 3265 urm
912 3208 1038 3282 empore
1072 3207 1221 3282 quominus
1340 3175 1342 3267 J

243 3302 318 3360 dues
350 3301 403 3357 hes
433 3297 633 3374 expeditiones
661 3299 698 3356 nb
724 3297 846 3362 Horatio
875 3301 1022 3372 respectes
1053 3316 1117 3358 esse
1147 3298 1221 3366 arbi·
1339 3298 1340 3334 l

242 3398 351 3452 tuemur
376 3393 406 3446 et
429 3390 472 3447 ita
494 3391 658 3466 respectas,
688 3389 721 3442 ut
744 3388 969 3462 prosperrimum
993 3405 1091 3452 sarum
1114 3388 1221 3448 exitum
1337 3377 1339 3463 ζ

243 3479 476 3570 autfpromiserit
494 3482 544 3536 aut
563 3477 678 3548 cognito
697 3489 767 3538 uno,
780 3478 907 3536 alterove
932 3481 1009 3538 lacto
1033 3479 1141 3550 majore
1159 3481 1220 3555 qui·

244 3576 310 3634 dein
324 3574 390 3645 jnro
410 3567 463 3630 sed
477 3584 534 3642 pro
550 3569 701 3642 poetarum
723 3581 804 3628 more
829 3569 1001 3644 depinxerit
1037 3570 1117 3638 Fieri
1133 3571 1220 3636 ¹etiarn

243 3665 348 3741 potnit,
367 3666 400 3721 ut
417 3675 533 3718 rumore
550 3659 646 3744 aliquo
664 3655 785 3719 Romaiu
802 3661 914 3734 perlato
925 3662 1037 3720 -sive
1055 3677 1143 3720 uerus
1162 3662 1219 3728 ‚siro

244 3743 332 3825 telem
351 3756 461 3818 tuit·
477 3751 511 3836 in
528 3749 598 3810 talia
616 3749 757 3812 inciderit.
788 3751 860 3818 Quis
878 3755 966 3823 negot
984 3752 1062 3812 enim
1079 3756 1142 3822 tum
1160 3767 1218 3822 cum
1332 3775 1333 3787 ν
