2776 4582
623 339 837 404 ...134-

237 499 340 557 eodem
358 515 425 558 eum
443 500 581 576 temporis
605 507 700 561 tractu
725 503 863 576 scriptum
888 513 954 557 csse
972 499 1139 578 probabile,
1164 505 1223 577 quo

167 601 171 610 '
237 590 375 648 Horatius
393 591 487 650 omnis
506 593 621 663 generis
639 595 785 652 amoribus
805 608 839 649 ss
861 587 1031 666 implicitum
1052 589 1224 664 significarit

236 681 398 757 aliquoties.
418 685 454 740 of.
474 680 558 758 epea
580 685 625 742 ll.
646 681 691 742 14.
712 687 766 741 sat.
785 684 815 759 2,
834 683 861 739 3.
926 719 929 726 .

309 855 480 923 mnus
503 859 598 922 m.
629 865 758 944 „Altera
781 855 853 938 jam
882 865 1023 943 reama»
1053 865 1103 940 qui
1128 861 1221 922 Schol.

236 954 355 1015 Acrone
372 959 489 1014 auctore
508 950 601 1038 (adv.
623 957 648 1014 l.
665 948 946 1035 „atleru,rquundo
963 955 1112 1014 Amatam
1130 959 1222 1014 dinu-

236 1047 317 1106 cuott
339 1054 445 1106 contra
467 1043 690 1126 Aequorum)
714 1049 782 1121 post
805 1045 973 1103 Massonum
998 1039 1072 1122 (vit.
1096 1047 1166 1104 llbr.
1191 1057 1221 1121 p.

237 1129 318 1218 138.)
342 1127 361 1194 a
385 1138 531 1212 plerisque
556 1138 594 1195 ad
618 1134 726 1197 bellum
750 1137 900 1196 Actiacum
919 1135 987 1212 anni
1005 1137 1070 1194 723.
1089 1140 1221 1214 retertur,

234 1228 282 1285 vel
300 1245 318 1284 a
336 1228 511 1305 Mitscherl.,
532 1230 641 1287 Grotet'.
661 1245 690 1304 p.
704 1227 768 1286 465.
781 1227 810 1286 b.
823 1219 922 1310 (722.)
941 1231 971 1284 et
988 1225 1126 1286 Passovio
1146 1222 1221 1308 (not.

236 1313 340 1416 183),
364 1320 518 1377 manifesto
543 1323 623 1378 ortus
649 1323 694 1378 ast
720 1335 802 1380 anno
825 1335 857 1378 o.
881 1335 905 1378 c.
925 1315 1003 1376 713.
1028 1317 1083 1375 sub
1107 1317 1223 1374 initium

234 1409 477 1488 cenomanens,
497 1425 563 1470 cum
580 1412 759 1470 miserrimus
779 1414 895 1468 atvero
914 1407 1107 1483 deplorandus
1124 1421 1223 1466 rarum

234 1499 327 1556 status
354 1503 417 1558 tum
440 1501 549 1558 Romae
574 1505 637 1558 tam
661 1503 724 1559 tota
746 1502 832 1558 ltalia
856 1503 944 1557 esset.
984 1501 1026 1558 Ct'.
1045 1500 1171 1574 Appian.
1191 1500 1221 1558 b.

232 1589 501 1666 eiv.5,18—-49.
526 1592 585 1649 Dio
611 1591 691 1649 Gaas.
716 1591 769 1668 48,
794 1590 919 1647 9-15,
964 1591 1057 1656 Quam
1080 1590 1222 1648 rationein

232 1684 301 1753 post
323 1680 487 1738 Nitschium
516 1683 546 1736 et
575 1681 824 1752 vanderburgium
853 1680 985 1754 pluribus
1014 1681 1165 1738 exornavit
1192 1686 1223 1738 et

233 1770 422 1844 comprobare
447 1771 559 1828 studuit
582 1772 734 1829 Kirehner.
759 1774 792 1828 in
816 1774 927 1846 quaest.
946 1781 976 1848 p.
996 1771 1032 1831 21
1053 1785 1100 1846 sq:
1115 1769 1144 1850 ᾗ.
1163 1769 1221 1848 tl,

232 1863 313 1918 reete
337 1859 493 1934 plaudente
513 1860 641 1920 Obbario
666 1863 699 1919 in
717 1863 840 1921 Seebod.
859 1863 945 1921 Jahn.
966 1866 997 1920 et
1015 1855 1107 1922 Klots.
1126 1863 1220 1920 annal.

232 1951 290 2009 vol.
319 1951 363 2009 16.
389 1967 420 2025 p.
447 1952 493 2009 49.
532 1953 607 2010 Sana
631 1954 758 2025 'vulgaris
782 1952 843 2022 illa,
856 1954 932 2012 ratio
959 1955 1143 2029 ineptissima
1167 1957 1220 2012 est.

178 2109 180 2118 .
232 2041 305 2110 Quis
324 2040 441 2114 tandenr
460 2041 517 2100 sibi
535 2043 725 2120 persuadeat,
751 2031 904 2102 Horatiana
928 2061 954 2102 a.
980 2045 1044 2102 722.
1070 2048 1121 2102 aut
1142 2035 1221 2122 223,

232 2147 290 2209 qno
307 2131 410 2192 intima
427 2134 606 2192 Maecenatis
625 2119 819 2193 familiaritate
838 2123 997 2210 frueretur,
1022 2147 1080 2208 quo
1104 2135 1222 2191 Octavi·

232 2239 289 2282 auo
303 2221 365 2296 jam
383 2224 511 2302 faveret,
531 2241 589 2300 quo
608 2226 705 2282 villam
719 2225 781 2295 J'am
800 2223 978 2300 possideret,
999 2237 1056 2297 quo
1075 2223 1153 2280 vitae
1171 2239 1221 2282 ur·

231 2313 327 2373 banaa
345 2314 458 2373 deliciis
476 2315 542 2389 plus
557 2315 638 2387 justo
649 2329 743 2389 paene
759 2315 937 2370 assuefactus
950 2317 1038 2390 esset,
1056 2326 1116 2370 non
1127 2314 1220 2372 solum

232 2403 269 2464 de
293 2405 405 2481 patriae
431 2405 523 2463 saluta
546 2406 632 2480 plane
657 2406 844 2481 desperasse,
876 2402 929 2462 aad
954 2399 1043 2463 etiam
1067 2404 1220 2464 eonsilium

231 2497 417 2572 proposuisse
445 2497 545 2556 sedem
571 2491 655 2570 regui
678 2497 737 2554 alio
758 2493 952 2553 transterendi
979 2494 1010 2552 et
1036 2493 1142 2554 noram
1168 2508 1237 2575 pa-x

230 2589 317 2646 triam
334 2583 514 2662 quaerendit
552 2588 625 2662 Quis
644 2603 711 2646 eum
729 2586 828 2646 eredat
845 2583 895 2645 illo
919 2589 1050 2662 tempora
1070 2584 1219 2664 scripsisse

231 2693 259 2736 v.
278 2677 316 2736 63
335 2693 395 2753 sq.=
707 2682 710 2686 '

380 2769 538 2848 „iuppiter
555 2771 606 2830 illa
623 2771 691 2846 piae
710 2769 836 2828 secrevit
853 2770 939 2827 litora
957 2771 1052 2847 genti,

426 2860 467 2920 Ut
484 2861 647 2934 inquinavit
666 2877 732 2918 aere
752 2863 868 2935 tempus
887 2869 1020 2918 aureum:

378 2952 479 3012 Atrea
497 2953 604 3012 debinc
618 2948 703 3024 ferro
721 2953 992 3028 dorcacestrensi,
1011 2967 1133 3026 quorum

426 3042 488 3103 Piis
507 3043 634 3102 secunda
652 3043 719 3100 vata
737 3057 784 3098 me
803 3041 889 3098 datur
907 3039 1024 3114 luga.’'i

232 3133 335 3204 Cogita
351 3137 454 3212 modo,
474 3150 561 3209 quam
580 3134 696 3193 diversa
715 3134 755 3191 sit
772 3133 862 3190 animi
880 3131 995 3218 atieetio
1013 3137 1135 3212 poetae,
1161 3147 1218 3208 qua

231 3223 347 3297 scripsit
371 3243 438 3284 ann.
464 3227 528 3284 723.
555 3226 638 3301 epod.
665 3226 692 3283 1.
718 3227 755 3286 ab
782 3242 834 3298 ea,
859 3221 954 3295 qualia
979 3239 1017 3282 ex
1044 3226 1100 3283 lroc
1124 3225 1225 3301 epodo

231 3311 333 3372 elucet.
367 3317 563 3395 „lateram
582 3310 679 3392 iriquit
696 3315 781 3389 epod.
802 3310 836 3389 1,
855 3311 920 3370 23.ε

373 3406 537 3482 ,fiaenter
554 3410 611 3468 boc
628 3413 659 3466 et
675 3417 763 3465 omna
781 3405 958 3464 aaitltabs'tur

428 3496 546 3556 Bellum
562 3501 596 3555 ia
613 3504 686 3566 tuuc
703 3509 788 3568 spera
804 3499 944 3568 prutina'
964 3499 1036 3555 caet

204 3579 209 3590 ’
230 3587 309 3660 Lege
323 3586 408 3645 modo
421 3587 479 3644 Sat.
494 3587 528 3663 2,
542 3588 568 3643 3.
583 3572 613 3643 et
631 3586 666 3660 2,
678 3585 722 3642 a!
741 3589 803 3642 turn
815 3588 902 3646 credo
921 3594 1076 3661 persuasus
1096 3583 1163 3642 erla.
1177 3618 1216 3635 --

306 3679 458 3736 Caeterum
476 3676 532 3733 hue
550 3676 696 3750 pertinere
715 3677 855 3754 arbitror,
875 3694 948 3752 quae
963 3675 999 3732 in
1011 3675 1114 3732 Scholl.
1126 3677 1216 3734 Aero-

230 3767 278 3824 nis
302 3768 437 3840 leguntur
460 3767 498 3825 ad
523 3767 569 3825 od.
596 3766 630 3843 l,
656 3767 701 3825 14.
729 3768 771 3827 l.=
790 3769 986 3846 „Secwutum
1010 3767 1108 3824 autem
1132 3767 1215 3825 'civile

230 3855 337 3917 ballum
362 3857 438 3918 inter
462 3859 625 3956 Augustum
650 3857 859 3918 oscarense
884 3857 1016 3918 cassium
1041 3861 1072 3917 et
1095 3845 1239 3917 Brutum²

1374 2157 1376 2278 l

1374 2341 1375 2432 l
