2772 4592
342 1045 584 1146 CAROLI
621 1049 991 1200 pneumam
992 1053 1017 1137 1

300 1255 371 1332 nn
413 1250 456 1330 o.
485 1249 762 1362 rnnmnrou
801 1245 1072 1381 nrrsroun

638 1478 719 1490 -ιι-

193 1648 343 1736 Libellus
365 1667 423 1730 iste
445 1677 525 1744 tuus,
547 1663 663 1728 Frenki
685 1661 857 1740 carissime,
880 1659 1057 1744 quem'mibi
1077 1678 1171 1742 nuper

194 1797 287 1858 paene
309 1773 473 1836 absolutum
495 1771 662 1848 tradidisti,
684 1769 859 1852 bibliopolae
881 1768 967 1851 paulo
995 1765 1172 1831 vendibilior

164 1911 170 1920 ¹
194 1867 308 1944 loturus
330 1879 496 1956 videbatur,
520 1877 604 1958 siqua
625 1896 644 1938 a
664 1895 711 1936 me
734 1875 798 1936 eius
818 1874 961 1936 accedere
976 1883 1079 1956 posset
1092 1865 1171 1934 com-

193 1985 354 2052 mendatio.
384 1985 415 2046 in
444 2005 501 2066 qno
522 1983 607 2046 vides
629 1972 877 2044 honestissimum,
896 1980 993 2043 virum
1014 2000 1075 2041 non
1096 1978 1170 2041 satis

192 2104 274 2156 recte
296 2107 397 2154 rerum
419 2100 527 2153 statum
550 2099 581 2152 et
601 2088 749 2151 bominum
777 2086 885 2149 iudicia
910 2086 1105 2169 intellegere,
1138 2095 1171 2147 ut

191 2201 355 2264 verendum
377 2183 474 2261 sitne
496 2197 648 2260 commodo
671 2217 725 2258 suo
747 2204 854 2256 noceat
880 2193 974 2276 magis
996 2213 1082 2276 quam
1103 2213 1170 2276 pro-

193 2308 244 2370 sit.
268 2318 337 2369 uam¹
358 2317 390 2368 tu
412 2303 532 2367 Horatii
553 2313 720 2387 poematum
749 2314 883 2394 tempora
903 2312 933 2363 te
955 2301 1170 2386 demonstratu-

192 2435 258 2476 rnm
280 2413 445 2496 promittis3
475 2430 539 2472 rem
559 2410 658 2473 multis
680 2419 795 2491 gratam
817 2419 848 2470 et
868 2407 1087 2486 necessariam,
1117 2407 1171 2470 sed

192 2519 302 2580 laboris
325 2539 359 2579 ae
381 2515 470 2578 taedii
491 2514 627 2597 plenam,
661 2535 747 2595 quem
775 2516 853 2576 scire
882 2513 965 2576 multi
983 2513 1168 2591 desiderant,

193 2643 337 2708 quaerere
352 2623 456 2686 volunt
470 2621 506 2684 de
521 2621 610 2703 vulgo
631 2620 682 2683 vel
703 2621 759 2684 duo
781 2621 831 2684 vel
845 2639 942 2684 nemo.
961 2639 1033 2704 ergo
1055 2620 1169 2710 derbac

193 2752 227 2794 re
258 2730 359 2794 brevis
391 2728 507 2792 libellus
541 2737 689 2810 emptores
721 2726 840 2794 babebit
870 2749 930 2790 non
960 2749 1087 2811 paucoS,
1121 2726 1170 2810 qui

190 2829 314 2922 praeter
333 2838 428 2921 ipsum
450 2845 653 2918 argumentum
684 2834 773 2905 aliam
800 2833 1082 2900 commendationem
1109 2855 1169 2896 non

193 2945 356 3026 requirant.
387 2944 494 3006 nedum
515 2961 634 3020 mecm,
659 2962 745 3025 quem
767 2942 816 3025 qui
842 2943 874 3006 in
900 2942 956 3006 hoc
977 2961 1087 3025 genere
1109 2949 1190 3004 non(

194 3052 269 3114 nihil
295 3050 497 3118 elaboravisse
526 3049 640 3127 sciunt,
676 3049 698 3110 ii
725 3070 763 3112 ne
792 3047 847 3112 hoc
875 3049 990 3131 quidem
1017 3050 1167 3132 ignorant,

194 3180 279 3241 qnam
301 3179 360 3221 non
382 3159 544 3220 clementer
565 3157 600 3218 de
621 3155 752 3218 mirificis
782 3155 962 3238 quorundam
994 3156 1168 3220 commentis

194 3265 321 3328 dixerim
342 3284 419 3326 anno
440 3259 604 3341 XXXVI,
634 3284 699 3326 oum
726 3262 758 3326 in
779 3262 951 3326 deliniendis
972 3261 1083 3326 Tibulli
1104 3285 1169 3326 car·

194 3373 303 3436 minum
318 3368 497 3453 temporibus
512 3367 678 3432 Horatiana
698 3369 768 3432 mibi
789 3369 960 3453 attingenda
978 3359 1089 3436 ess'ent.
1112 3371 1167 3432 hoc

193 3490 226 3541 tu
268 3476 375 3541 iudicio
416 3495 483 3538 mco
525 3476 629 3539 callide
674 3475 834 3560 praeterito
878 3478 993 3562 magnis
1034 3475 1167 3539 laudibus

192 3586 261 3658 τούς
279 3585 435 3657 δοκοῦντας
456 3581 608 3660 extulisti,
637 3603 676 3645 ne
698 3582 844 3648 sentirent
870 3584 984 3647 scilieet
1003 3594 1034 3646 te
1053 3582 1085 3644 in
1105 3603 1168 3645 ma-

123 3737 125 3744 ,
192 3689 306 3753 ioribus
328 3688 488 3772 quibusque
518 3698 549 3749 et
576 3687 742 3752 difficilibus
770 3689 859 3754 rebus
887 3691 924 3752 ab
952 3690 996 3753 eis
1023 3689 1166 3753 secedere

14 3851 15 3860 ,
127 3783 133 3796 l
190 3807 224 3858 ct
244 3796 344 3862 redire
370 3817 456 3878 quam
477 3794 612 3879 proxime
632 3797 670 3858 ad
691 3817 833 3863 summam
853 3795 1046 3862 Beutleianae
1068 3796 1167 3880 dispu-
