2792 4576
490 270 766 336 «81.-

244 438 271 496 6.
295 437 425 498 comen
441 435 607 501 caudae:
624 451 700 496 anno
717 453 747 496 ιι.
767 452 792 495 c.
812 435 876 496 737.
902 434 1047 512 edolatum
1071 438 1158 502 emi..

171 544 291 603 sumque
310 529 356 586 est
374 519 458 608 (ann.
478 525 523 584 17.
543 542 569 584 ιι.
591 527 676 606 chr.;
695 527 799 586 aetatis
817 543 894 586 auno
912 521 985 609 48.).

244 620 271 678 7.
295 619 471 678 eumanum
488 617 564 677 liter
580 619 635 677 IV.
653 618 732 678 intra
750 635 842 678 annos
866 635 895 677 u.
915 637 941 678 c.
960 620 1024 680 737.
1043 625 1074 680 ct
1090 625 1154 687 741.
1241 688 1245 696 ,
1280 665 1282 672 ,

170 704 233 790 (17.
253 728 280 768 a.
302 710 368 768 Chr.
387 739 427 752 -
445 707 490 765 13.
517 723 543 765 ιι.
565 709 650 788 Ghr.;
675 711 781 770 aetatis
806 705 897 769 annos
921 706 1070 796 48-52.)
1088 731 1157 774 con·

171 803 262 860 iectus
282 801 312 858 et
330 814 407 858 anno
425 797 489 854 741.
509 798 604 857 editus
624 802 678 858 est.
1011 795 1013 800 ’
1095 869 1120 876 ,.

244 893 271 950 8.
291 891 498 966 Episiotorum
516 890 591 948 liter
607 893 651 948 Π.
670 890 763 967 primo
777 889 840 963 jam
858 889 937 950 adito
961 895 1077 968 etpost
1094 911 1158 956 car·

71 1041 73 1046 ,
169 999 236 1040 meu
255 981 402 1052 saeculare
422 978 547 1052 scriptus
566 983 621 1058 est,
639 982 693 1038 sed
710 983 852 1042 incertum
871 999 928 1058 quo
946 998 1032 1042 anno.

244 1074 272 1129 e.
291 1074 337 1129 oe
357 1073 432 1137 aaa
446 1073 581 1144 poeticae
599 1073 694 1130 aetate
712 1073 755 1132 nr
772 1076 894 1132 censat.
1060 1063 1065 1076 “

168 1165 236 1222 Jam
254 1177 324 1218 vero
343 1160 389 1218 his
413 1163 577 1234 temporum
601 1163 751 1241 cancellis,
781 1166 1010 1238 quos'negleota
1032 1168 1180 1234 maxime,

54 1243 65 1264 “
170 1253 348 1326 singulorum
367 1252 525 1310 carminum
543 1243 638 1310 aetate
663 1241 747 1327 quasi
770 1244 901 1312 extemis
924 1256 1039 1318 indiciis
1064 1262 1094 1317 et
1112 1278 1159 1320 ar·

170 1345 315 1416 gumentis
339 1343 434 1417 iisque
464 1361 503 1401 ex
532 1346 637 1418 poetae
667 1344 729 1400 vita
759 1345 790 1399 et
818 1343 955 1402 universa
986 1349 1160 1425 scriptorum
1253 1363 1255 1368 “

170 1436 283 1493 mtiouc
307 1433 408 1507 petitis
433 1433 667 1492 circumscribere
693 1431 870 1511 autumus,
894 1434 1067 1496 includenda
1091 1445 1160 1502 sunt

170 1526 266 1600 quoad
291 1525 353 1597 ejus
377 1523 440 1581 fieri
463 1527 562 1600 potest
586 1525 712 1596 singula·
723 1525 860 1598 deinceps
885 1524 1027 1606 carmina,
1052 1545 1110 1605 quo
1128 1533 1161 1590 et

170 1616 312 1688 generalis
330 1618 493 1689 temporum
512 1615 669 1688 descriptio
693 1614 780 1672 fidem
804 1614 943 1701 apcipiat,
968 1621 999 1676 et
1023 1621 1159 1682 uniuscu-
1276 1617 1277 1620 ’

165 1707 271 1783 jusque
289 1707 441 1794 poematis,
460 1705 546 1764 modo
564 1721 603 1763 nc
621 1706 707 1781 plane
724 1704 841 1764 indiciis
860 1705 1030 1770 destitutum
1041 1711 1091 1792 sit,
1109 1729 1160 1774 aa·

169 1800 215 1856 tas
234 1796 395 1857 accuratius
413 1798 614 1868 investigetur·
738 1831 752 1857 a
1269 1859 1270 1862 ,

243 1890 289 1946 Ita
316 1888 354 1944 ad
382 1887 503 1942 aiteram
530 1883 734 1959 disputationis
758 1889 870 1959 partem
899 1892 1098 1974 pervenimus,
1125 1895 1159 1956 iu

171 1994 229 2053 qua
246 1977 393 2048 ordiamur
410 1991 524 2035 rursum
543 1993 561 2034 a
580 1975 774 2034 Sermonibos.

566 2287 762 2300 a*
