2792 4576
631 331 836 398 ..ffl-

1078 443 1092 470 Ι

320 499 392 555 Sunt
410 499 507 554 tamen
526 497 556 552 et
574 495 647 573 alia,
672 511 746 570 quae
770 497 842 554 mihi
865 513 1003 574 meaeque
1023 505 1229 576 computationi

246 589 429 662 opitulantur.
467 585 542 644 Nolo
561 580 677 659 quidem
695 604 837 666 premere,
862 592 907 647 sat
930 606 1064 662 magnam
1078 593 1139 664 jam
1156 599 1230 652 tem·

245 681 324 754 poris
350 675 594 750 intercapedinem
618 676 694 735 inter
718 677 874 736 editionem
898 681 1025 753 priorum
1055 685 1230 743 voluminum
1342 689 1344 696 '

245 774 275 827 et
294 770 388 844 quarti
407 784 487 843 esse,
507 782 581 840 quae
599 769 749 842 qualisque
743 822 759 855 s
772 769 935 843 requiratur
952 775 1080 831 unanimi
1099 777 1230 834 Suetonii

245 864 276 918 et
299 859 522 918 Scholiastarum
551 859 734 934 testimonio,
765 875 802 916 ex
832 875 890 933 quo
914 863 1050 922 Horatius
1080 869 1169 941 Imago
1183 861 1231 947 ι’)

244 945 357 1032 (Suet.)
374 949 421 1006 vel
438 952 575 1007 maetam
592 948 743 1031 intervallo
756 947 877 1030 (Acron.
896 951 1001 1028 Porph.
1022 951 1124 1040 Cruq.)
1144 973 1230 1031 quar·

202 1107 207 1115 ,
243 1044 306 1099 tum
325 1041 450 1098 scribere
469 1040 506 1096 ab
524 1041 655 1110 Augusto
674 1042 837 1114 compulsus
856 1061 920 1100 esse
940 1045 1060 1124 dicitur,
1084 1063 1138 1106 nec
1156 1047 1229 1104 mul·

244 1136 305 1190 tum
324 1132 435 1206 tribuo,
456 1130 533 1204 quod
550 1131 668 1188 brevius
686 1133 824 1205 temporis
844 1135 983 1212 spatium,
1002 1153 1090 1210 quam
1107 1139 1154 1196 cui
1172 1140 1229 1196 ista

243 1223 370 1288 narratio
388 1222 464 1278 bene
482 1222 649 1297 conveniat,
670 1239 769 1278 eorum
788 1237 825 1280 ex
843 1227 954 1282 ratione
979 1227 1107 1305 oriatur,
1133 1230 1182 1302 qui
1201 1245 1227 1285 a.

243 1315 307 1372 736.
333 1313 492 1369 carminum
516 1312 645 1388 syllogen
670 1313 844 1384 divulgatam
869 1333 932 1372 esse
958 1318 1094 1374 statuunt.
1138 1319 1179 1375 At
1196 1318 1227 1374 id

139 1411 142 1422 ’
242 1421 307 1462 meo
331 1420 378 1460 me
398 1403 464 1474 jure
488 1419 619 1476 premere
643 1405 673 1458 et
698 1419 754 1475 ego
777 1423 945 1478 persuasum
968 1407 1061 1464 habeo
1083 1409 1113 1463 et
1132 1407 1228 1481 quivis
1251 1464 1253 1472 ,

243 1497 326 1554 boile
346 1495 537 1568 concesserit,
556 1496 639 1568 quod
655 1510 712 1552 acc
729 1499 825 1554 ullum
843 1513 970 1555 carmen
985 1505 1054 1571 pest
1070 1514 1141 1554 aaa.
1158 1515 1188 1555 u.
1201 1514 1227 1554 c.

245 1590 322 1645 730.
346 1577 490 1658 scriptam
514 1599 581 1640 esee
610 1589 699 1642 ccrtte
724 1591 910 1659 argumentur
934 1592 1030 1646 minet
1057 1595 1167 1664 polest,
1200 1595 1229 1646 et

242 1680 395 1753 quaedum
412 1675 598 1738 cemma
616 1677 805 1752 dissuaderet,
823 1684 859 1735 ut
874 1679 965 1736 libros
974 1682 1138 1751 posteriore
1148 1685 1228 1736 tens·

240 1767 456 1840 perscrutarer
473 1780 539 1822 erec
554 1771 648 1837 putea.
686 1768 729 1823 Ac
754 1767 789 1823 de
814 1767 863 1824 illa
887 1769 1003 1842 quidem
1021 1786 1054 1826 re
1071 1801 1109 1814 --
1128 1785 1227 1842 quam·

242 1873 330 1932 quam
344 1857 405 1926 jam
423 1856 577 1913 clamorem
595 1858 625 1912 et
643 1857 813 1914 cachinnum
836 1859 962 1934 undique
987 1861 1130 1918 sublatum
1152 1859 1229 1916 auri·

241 1950 297 2008 bue
315 1947 445 2022 percipio
464 1963 578 2023 eorum,
598 1947 648 2020 qui
667 1948 805 2004 citissime
830 1951 868 2006 ad
892 1967 996 2009 navem
1018 1952 1098 2009 illam
1115 1949 1228 2021 Virgilii

241 2041 460 2116 provocant-
484 2037 585 2111 paucis
610 2034 704 2091 dicam
727 2027 851 2109 postea(
879 2042 964 2098 Nunc
988 2043 1123 2098 irretorto
1146 2041 1227 2097 vnltu

241 2142 400 2205 persequar
424 2143 474 2201 ea,
505 2143 578 2198 qrrae
611 2125 766 2198 prohibent
797 2130 948 2198 quominus
980 2133 1106 2186 carmina
1135 2132 1227 2185 multo

241 2220 309 2294 post
327 2233 352 2273 a
373 2216 435 2271 730.
461 2217 577 2286 vulgata
602 2230 666 2270 esse
693 2215 853 2272 credantur.
897 2221 942 2274 De
968 2233 1024 2291 quo
1048 2219 1112 2276 loco
1136 2221 1227 2275 multa

156 2323 161 2334 ‘
213 2352 216 2356 .
237 2311 299 2382 jam
322 2307 448 2382 perbene
474 2304 632 2378 disputavit
655 2303 889 2376 Venderburgins
914 2308 946 2364 in
970 2308 1039 2366 edit.
1064 2309 1120 2365 vol.
1147 2310 1169 2366 I.
1194 2293 1232 2383 p.

241 2402 296 2460 313
316 2416 358 2474 sq.
376 2429 416 2444 ···
451 2396 480 2454 Is
505 2396 577 2454 scite
601 2395 705 2468 opinor
729 2399 759 2452 et
783 2399 865 2453 acute
885 2399 1050 2457 observavit
1068 2401 1153 2474 plane
1172 2400 1228 2456 im·

241 2493 391 2571 probabile
410 2506 489 2559 esse,
515 2488 666 2546 Horatium
685 2503 800 2544 carmen
817 2487 883 2545 libri
902 2491 952 2548 ΙΙΙ.
973 2491 1017 2548 19.
1038 2493 1163 2564 syllegae
1181 2492 1227 2548 in-

239 2585 446 2657 terpositumm
455 2581 559 2656 inisse,
580 2580 643 2637 sia.
656 2580 719 2637 732.
740 2596 804 2636 eam
817 2579 964 2639 edidisset
983 2583 1058 2641 Nam
1070 2584 1223 2641 cumineo

240 2677 274 2732 1..
294 2675 443 2730 uacuum
463 2675 630 2730 Varronem
648 2674 846 2748 Murueuam,
864 2673 1005 2744 Proculeji
1024 2678 1054 2730 et
1071 2673 1225 2730 Terentiae

198 2747 201 2756 Χ
240 2767 358 2826 fratrem
375 2756 428 2843 (ci.
448 2761 496 2818 od.
514 2762 549 2836 2,
568 2762 595 2817 2.
615 2761 641 2816 5.
662 2763 693 2817 et
716 2753 843 2820 Mas'sou.
868 2766 919 2820 vit.
938 2780 967 2838 p.
987 2757 1083 2840 304.,)
1109 2759 1155 2817 cui
1174 2776 1226 2816 an-

240 2873 321 2919 ream
343 2851 570 2910 mediocritatem
594 2852 951 2927 commendatorem,
975 2851 1036 2925 10,
1061 2835 1224 2907 obnovur'n

241 2948 357 3019 auguris
382 2945 520 3001 honorem
544 2941 650 2998 blanda
674 2941 856 3000 observantia
879 2943 920 2997 ita
939 2941 1080 3017 celebret,
1099 2944 1132 2997 ut
1152 2941 1222 3000 satis

242 3043 334 3094 artant
351 3053 416 3098 cum
435 3053 470 3092 eo
494 3033 748 3091 familiaritatem
740 3033 797 3106 ipsi
820 3033 908 3089 risisse
928 3033 1108 3106 appareat:
1099 3034 1224 3091 inconsi-

138 3125 143 3131 “
242 3128 339 3184 derata
360 3131 389 3183 et
407 3124 599 3184 inverecunde
619 3124 741 3199 egisset,
762 3123 786 3179 si
805 3125 871 3196 post
890 3120 1032 3176 detectam
1051 3123 1224 3193 conjuratio-

240 3233 322 3292 nem,
348 3231 434 3298 quam
458 3233 483 3273 a.
510 3217 573 3273 732.
616 3216 755 3271 Muraena
785 3229 849 3270 cum
873 3211 984 3267 Fannio
1010 3213 1155 3285 Caepione
1185 3212 1223 3268 ad

241 3309 401 3377 Augustum
425 3306 644 3380 opprimendum
667 3305 772 3359 inierat
796 3297 916 3376 (Vellej.
936 3301 963 3380 2,
983 3303 1028 3359 al.
1049 3302 1126 3360 Suet.
1146 3305 1220 3373 Aug.

241 3465 437 3478 .....—---

166 3585 170 3599 ι
241 3556 330 3606 Tibulli
346 3568 362 3602 a
376 3552 486 3601 Disseuio
503 3553 561 3600 editi
576 3551 601 3599 in
618 3547 760 3611 ephemerid.
780 3549 870 3600 literar.
892 3551 990 3601 Helena.
1006 3566 1062 3601 ιιιιιι.
1078 3552 1151 3604 1806.
1167 3554 1220 3603 lun.

241 3625 299 3672 iare.
321 3621 378 3672 110.
400 3632 423 3681 p.
445 3619 502 3666 250.
526 3621 576 3665 tres
598 3616 696 3664 odarum
715 3616 789 3664 libror
809 3617 957 3680 paulopost
972 3618 1065 3668 initium
1080 3633 1103 3668 a.
1120 3621 1177 3670 700.
1195 3625 1220 3669 et

241 3694 297 3740 ante
312 3689 414 3738 hiemen
429 3681 850 3736 coadunaverint„

307 3785 351 3850 17)
367 3787 466 3836 Sueten
483 3786 531 3832 eet.
546 3777 586 3831 00.
609 3779 791 3840 „durconem
804 3781 988 3868 (maculatum)
1003 3785 1121 3848 magnei.
1139 3800 1161 3834 e.
1178 3800 1220 3834 se-

242 3853 382 3917 ptendecim
396 3863 512 3902 asnorum
526 3815 700 3965 ἰιιοιιιῇιο-
715 3847 828 3911 potuer
