2792 4576
536 283 828 346 ⁴-u-

153 421 156 429 ¹
230 441 273 500 tio
292 455 470 504 communem
488 456 618 504 errorum
636 446 745 505 tautam
764 435 794 504 et
806 449 925 518 puteum
936 429 1221 524 commonstrauduur.

231 531 314 608 ἀπο,
334 547 372 590 ne
391 537 491 594 etuas
510 535 541 590 iu
559 534 684 596 eundem
701 537 819 608 illapsos
839 553 906 594 acer
930 536 1032 610 anans
1052 539 1156 598 fluuius
1174 539 1214 598 si-

230 621 290 684 mul
306 639 375 686 uum
391 627 455 699 ripa
473 623 605 698 abripiat.
664 671 667 680 .

304 715 413 774 uomm
435 717 525 787 igitur
548 717 598 790 qui
621 718 653 776 iu
677 717 791 775 Horatii
810 717 1003 790 explicatione
1021 720 1129 778 versati
1147 723 1216 780 suut

230 818 316 864 nemo
333 799 441 882 nescit,
466 807 606 866 lubricam
623 807 778 866 admodum
796 824 861 864 esse
880 811 910 863 et
927 809 1065 866 incertam
1089 810 1216 881 simulo·

230 910 295 954 rum
313 896 470 976 omniorum
489 897 684 956 definitionem
703 898 851 972 temporis.
883 899 958 956 Nam
977 917 1042 960 cum
1060 902 1215 974 pleraeque

232 985 336 1044 aetatis
354 989 440 1044 notae
460 990 510 1044 aut
528 989 613 1060 plane
639 988 745 1048 dubiae
770 992 799 1046 ct
823 989 976 1060 ambiguae
1000 992 1074 1068 sint,
1099 993 1149 1049 out
1174 993 1216 1050 itu

230 1077 336 1140 natura
358 1093 410 1134 sua
435 1081 634 1154 comparatae,
657 1081 690 1138 ut
713 1081 820 1140 acum
842 1080 961 1152 quidem
983 1083 1101 1156 aliquod
1124 1083 1217 1155 respi-

231 1165 333 1242 datm,
351 1168 405 1224 scd
423 1169 554 1240 poeticae
572 1155 775 1244 ‹leseriptioniu
788 1171 882 1227 colore
894 1173 925 1226 ct
935 1172 1026 1228 veluti
1043 1177 1108 1232 meo
1121 1174 1216 1246 splen·

214 1256 300 1312 dida
319 1257 455 1314 historiae
474 1259 526 1315 lux
543 1260 726 1318 obscuretur:
753 1265 813 1317 tam
830 1261 954 1320 liberum
973 1263 1003 1318 et
1021 1264 1148 1334 amplum
1164 1277 1221 1334 ap··

231 1351 315 1420 paret
334 1363 466 1422 eampum
485 1351 657 1429 conjecturis
677 1353 725 1410 hic
743 1356 854 1427 patere,
872 1355 905 1408 ut
924 1351 1119 1410 diuersissima
1129 1367 1218 1424 quae-

231 1453 287 1511 que
307 1438 343 1496 de
373 1457 430 1500 uuo
458 1453 546 1515 saepe
574 1445 604 1498 ot
632 1443 735 1502 eodem
762 1444 887 1500 carmine
905 1459 924 1499 a
942 1445 1001 1501 VV.
1021 1444 1084 1499 ΠΒ.
1104 1443 1218 1514 prolata

231 1545 296 1588 ease
316 1546 351 1588 eo
370 1534 464 1588 minus
483 1530 645 1587 numadum
664 1533 717 1604 sit,
747 1545 804 1600 quo
831 1531 1005 1612 implicatior
1027 1532 1093 1604 ips'e
1117 1532 1220 1589 turbu-

229 1617 302 1679 lenti
320 1621 403 1678 istius
422 1618 559 1689 temporis
579 1617 700 1676 lustorio
718 1620 772 1691 eet,
792 1635 905 1691 quoque
925 1623 1041 1694 saepius
1054 1619 1217 1680 consimiles

230 1708 406 1778 reipublicae
432 1709 524 1765 status
547 1705 669 1766 rediisse
694 1707 834 1766 videmus.
873 1710 937 1775 Qua
962 1711 998 1768 de
1022 1729 1057 1768 re
1081 1702 1218 1784 querud-

183 1857 190 1868 ,
231 1796 348 1854 modum
366 1797 561 1870 quaerendum
580 1801 657 1872 erat,
682 1799 823 1872 nuruquid
842 1803 935 1875 esset,
959 1817 1017 1874 quo
1036 1803 1218 1876 aliquatenus

231 1887 334 1946 altem
352 1892 489 1962 tanquam
506 1889 651 1951 cornuumi
668 1905 769 1946 norma
798 1893 827 1946 et
842 1893 953 1961 -ragala
980 1893 1087 1949 certior
1114 1895 1143 1950 et
1171 1893 1218 1950 tir·
1337 1911 1340 1928 ·

232 1979 306 2036 mior
323 1980 494 2040 redderetur
511 1981 590 2038 fluxa
607 1979 779 2038 indiciorum
797 1981 868 2038 fides
886 1982 918 2037 in
937 1983 1072 2054 singuiis:
1091 1984 1134 2040 ita
1152 1993 1219 2040 ceu·

232 2070 307 2146 uelli,
326 2071 403 2128 intre
422 2081 493 2144 quos
512 2070 664 2128 Horatium
687 2072 779 2141 lyrica
803 2073 931 2128 carmina
955 2086 1092 2130 exarasse
1116 2073 1219 2130 verisi-

231 2161 300 2222 mile
320 2165 407 2237 essct,
426 2177 608 2235 nequaquam
627 2177 664 2216 ex
681 2164 778 2218 aetate
792 2164 968 2232 singulorum
977 2164 1145 2236 poematum
1157 2163 1220 2220 sola

232 2251 352 2324 petendi
379 2255 477 2327 erant,
507 2252 559 2310 sed
577 2268 615 2308 eu
632 2267 664 2308 re
685 2251 809 2323 quadam
837 2253 1017 2310 extrinsecus
1046 2253 1115 2310 data
1142 2253 1171 2310 h.
1191 2269 1217 2310 u.

234 2347 334 2398 cum'e
353 2343 475 2402 caeteris
493 2345 596 2416 poetae
621 2341 736 2414 scriptis
764 2345 826 2398 tum
843 2360 883 2399 ex
900 2346 962 2399 tote
981 2343 1043 2414 ejus
1071 2342 1148 2418 vita,
1165 2341 1221 2400 tri·

174 2489 177 2498 ,
232 2432 321 2490 rendi
338 2433 503 2490 conditione
523 2437 609 2506 atque
628 2433 773 2488 sentiendi
791 2434 993 2511 cogitandique
1011 2435 1132 2492 ratione.
1151 2432 1220 2492 Dis·

233 2523 356 2596 puderet
372 2542 443 2584 sunu
463 2526 548 2597 hujus
565 2540 614 2580 me
631 2524 786 2599 postulati,
815 2525 842 2580 si
866 2529 917 2582 out
935 2543 1002 2582 esse
1025 2523 1220 2598 extridmiquo
1293 2559 1307 2576 ι

234 2627 320 2685 posse
339 2617 502 2686 generalem
520 2617 644 2690 aliquam
661 2631 792 2671 normam
810 2619 867 2672 aut
890 2618 1012 2674 multum
1035 2617 1102 2673 inde
1121 2614 1220 2687 protei
1278 2692 1279 2695 Ἴ

235 2702 446 2775 desperandum
473 2710 560 2763 esset
604 2705 662 2777 sed
688 2705 763 2761 bene
791 2708 942 2766 nobiscum
970 2710 1065 2770 actum
1089 2719 1157 2759 esse
1182 2715 1223 2760 ex

135 2827 138 2833 ·
232 2792 301 2876 jpua
318 2809 392 2868 quoe
412 2795 542 2868 sequitur
561 2795 754 2868 dispumlioue
770 2797 950 2854 intellectum
968 2796 1006 2850 iri
1023 2793 1144 2850 conlido.

306 2885 382 2944 'l'res
400 2886 512 2959 priores
531 2886 688 2942 carminum
705 2887 795 2943 libros
813 2888 906 2944 multo
922 2887 987 2941 aute
1005 2884 1139 2956 quartum
1151 2883 1223 2940 scri-

235 2979 302 3049 ptos
333 2981 364 3034 et
392 2977 485 3034 editos
515 2993 595 3052 esse,
626 2991 686 3032 uon
712 2978 805 3034 solum
831 2975 1063 3050 locupletissimis
1091 2974 1225 3032 Suetonii

209 3077 211 3091 ¹
236 3068 516 3144 Scholiastarumquo
535 3067 717 3143 testimoniis,
738 3069 789 3126 sod
808 3071 901 3143 primo
914 3067 1008 3148 otiam·
1018 3065 1085 3123 libri
1096 3067 1145 3124 IV.
1159 3080 1221 3122 ear·

237 3159 314 3214 mine
333 3162 394 3222 tuto
419 3155 511 3240 (anno
528 3161 590 3218 tere
608 3176 637 3216 u.
657 3177 681 3216 c.
702 3160 765 3218 739.
786 3163 836 3216 aut
855 3159 917 3216 740.
938 3152 1130 3238 composito),
1150 3157 1222 3230 quin
1243 3221 1248 3228 ‚

238 3249 332 3323 primo
350 3267 451 3313 versu:
484 3253 752 3334 ,determinem
780 3251 895 3323 Venia,
920 3251 985 3305 dtu
1004 3250 1125 3306 lterum
1142 3249 1223 3305 bello

239 3339 360 3403 morast
380 3345 459 3398 nerlu
478 3342 608 3422 efficitur.
646 3343 748 3414 Neque
768 3337 894 3394 dubitari
918 3340 1016 3412 potest
1039 3337 1110 3410 quin
1133 3337 1222 3392 inter·

178 3433 183 3437 ’
239 3431 334 3490 medlo
353 3431 408 3488 hoc
426 3435 564 3506 tempore
575 3435 605 3488 et
628 3431 813 3504 epistolarum
836 3427 911 3486 liber
928 3431 951 3486 1.
977 3424 1115 3508 (lodessa
1134 3426 1223 3482 etium

239 3523 276 3580 ll.
296 3525 326 3580 et
344 3522 467 3595 epistola
491 3523 529 3580 ad
551 3515 686 3600 Pisones)
712 3522 742 3576 et
765 3535 881 3576 munau
904 3521 1050 3580 saeculare
1073 3518 1106 3574 in
1128 3516 1223 3577 lucem

240 3613 408 3686 prodierint.
446 3612 641 3686 Epistularum
664 3611 738 3667 liber
761 3611 783 3668 Ι.
809 3612 918 3684 prodiit
942 3626 968 3667 a.
987 3627 1016 3666 u.
1035 3625 1061 3666 e.
1080 3607 1144 3663 734.
1171 3605 1224 3662 sud

240 3707 309 3760 nuto
334 3705 411 3762 diem
429 3703 542 3761 Horatii
566 3702 691 3759 natalem
720 3695 783 3780 (VI.
804 3701 846 3758 ld.
864 3697 1051 3779 Decembr.),
1079 3696 1158 3772 quod
1177 3697 1224 3774 vitu

239 3797 360 3871 certum,
380 3797 413 3852 ut
430 3794 472 3851 nil
491 3809 585 3868 supra
624 3791 713 3865 Atqui
730 3789 822 3864 lyrica
841 3791 972 3849 ,camna
995 3792 1063 3850 aute
1088 3789 1223 3870 epistolu-
