2792 4576
633 273 839 339 ..15-

227 433 280 492 'ris
295 427 354 514 ¹⁸),
374 434 479 492 sed-iis
496 437 625 512 tantum,
644 438 695 511 qui
713 451 813 496 eorum
826 437 862 493 iu
881 435 1023 494 exercitus
1042 451 1074 493 ee
1093 435 1227 494 distribui

237 525 317 598 passi
334 529 417 602 eunt,
447 526 598 585 Horatium
620 528 758 586 credibile
782 530 827 584 est
851 524 932 601 prius
951 525 1042 584 abiise
1065 527 1096 583 in
1113 525 1227 583 Italiam

237 625 324 689 quam
347 613 667 691 veniaminipetraeset
691 621 722 674 et
744 619 847 690 postea
870 613 985 676 demum
1009 633 1073 674 eam
1091 615 1228 690 adeptum

239 721 304 763 esee
319 700 375 787 ⁴⁷).
412 706 511 764 Rediit
534 709 565 764 in
590 709 713 782 patriam
736 707 792 763 fine
816 705 931 765 annin.
951 725 975 765 c.
995 706 1227 764 marciniac

236 795 376 872 proximi,
401 797 504 856 aetatis
522 799 660 857 vicesimo
678 800 797 874 quart03
822 811 890 854 nom
913 813 1009 871 pugna
1032 797 1227 873 Philippensis
1276 789 1278 796 ’

237 1037 326 1100 pendia
342 1039 487 1104 respiciens;
502 1041 623 1102 „Militiae
640 1053 780 1104 quamquam
795 1042 888 1104 piger
905 1044 930 1090 et
945 1041 1049 1101 maius,
1066 1011 1226 1090 utiliiurbiss'

237 1105 366 1154 Caeterum
382 1108 519 1170 „parmulae
536 1123 583 1156 non
599 1109 662 1156 bene
678 1107 793 1155 relictae”
809 1107 952 1156 mentionem
968 1120 1015 1154 nou
1032 1112 1082 1156 tam
1098 1111 1227 1170 propterea
1269 1125 1276 1131 ·

229 1172 327 1220 racem
344 1187 399 1221 eese
411 1173 579 1234 judicaverim,
596 1177 623 1222 ut
639 1174 721 1236 fugam
737 1173 842 1235 imagine
858 1171 1013 1234 signiticaret,
1030 1173 1226 1233 quemadmodum

237 1250 341 1285 summus
357 1238 398 1286 ille
414 1239 540 1290 Jacobsius
556 1241 657 1300 statuit,
679 1240 724 1289 sed
739 1244 767 1288 ut
783 1240 829 1288 iac
845 1241 918 1288 etiam
933 1238 959 1286 in
975 1251 1003 1286 re
1018 1230 1183 1285 tirciiiochnm
1200 1239 1225 1282 et

236 1303 357 1364 Alcaeum,
373 1305 414 1368 qui
430 1309 455 1354 et
470 1305 516 1370 ipsi
532 1321 600 1357 arma
616 1309 641 1356 in
657 1307 750 1371 proelio
767 1307 899 1354 amiserunt
914 1302 1119 1366 (de-Archilocho
1136 1315 1161 1349 v.
1177 1299 1225 1347 rir-

237 1369 290 1419 ciril.
311 1371 380 1434 reliq.
403 1371 442 1420 ed.
458 1371 553 1424 Liebei.
575 1374 600 1438 §.
617 1374 661 1423 Vl.
683 1387 708 1434 p.
725 1373 760 1422 17
782 1376 807 1420 et
831 1372 916 1431 fragm.
934 1369 974 1434 51.
997 1383 1022 1430 p.
1038 1366 1096 1416 147.
1134 1365 1224 1414 Mutet.

235 1450 288 1486 var.
302 1437 358 1486 ieci.
375 1438 419 1488 IX.
436 1440 460 1488 2.
477 1440 508 1487 de
523 1441 611 1486 timeo
627 1438 717 1484 Herod.
735 1441 759 1492 5,
776 1437 816 1482 95.
833 1437 914 1482 strab.
930 1434 971 1493 13,
987 1449 1011 1495 p.
1023 1433 1102 1494 61111),
1113 1432 1224 1480 imitatus

237 1519 292 1553 esse
313 1505 449 1560 videretur,
476 1503 502 1549 id
524 1502 588 1562 quod
609 1512 672 1546 nuuc
693 1498 829 1546 weicherto
851 1511 947 1561 quoque
968 1499 1019 1560 (de
1035 1497 1093 1547 Ver.
1111 1501 1137 1546 et
1153 1497 1223 1546 Cass.

234 1584 259 1632 p.
277 1569 327 1631 38)
345 1572 370 1617 et
387 1565 476 1614 Orellio
492 1565 588 1627 placere
603 1563 682 1613 uideo.

301 1661 347 1721 46)
362 1660 462 1722 Appiau·
486 1659 510 1708 b·
534 1659 627 1736 castr,
643 1658 701 1710 135.
719 1655 735 1716 ὅ
756 1653 789 1716 δὲ
807 1655 861 1717 σδν
878 1655 923 1736 uqi
939 1659 1068 1740 Βρούτῳ
1087 1655 1223 1739 στρατδς,

233 1722 284 1783 ὅτε
301 1719 452 1780 ἐπύθοντο
469 1722 612 1783 τεθνάναι
629 1723 766 1804 Βροῦτον
769 1774 781 1802 ,
806 1753 830 1790 τι
849 1733 944 1810 ἕσβεις
961 1730 990 1805 ἒς
1009 1733 1150 1811 Καίσαρα
1173 1737 1223 1792 καί

230 1797 391 1890 ’Λγτυίνιου
409 1794 552 1888 ξπεριπυν,
570 1800 620 1856 καί
638 1807 811 1880 συγγνώμης
829 1753 938 1886 {repom
957 1810 1007 1867 καί
1024 1806 1055 1879 ἒς
1072 1805 1109 1867 τὰ
1129 1823 1223 1887 στρα-

233 1891 365 1948 τευματα
393 1891 491 1931 αυτων
515 1867 710 1954 διῃρέθησαν,
734 1883 784 1939 καί
807 1874 882 1953 ἦσαν
905 1881 985 1961 ἀμφί
1008 1879 1078 1954 τούς
1099 1887 1224 1961 μυρίους

234 1949 285 2038 ani
307 1948 568 2080 τετραρισριλίους.
598 1945 768 2028 παρέδοσαν
793 1950 870 2015 dirui
892 1959 955 2028 τοῖς
978 1955 1079 2028 αὐτοῖς
1102 1953 1225 2026 ἑαυτοὺς

234 2023 284 2081 καὶ
296 2019 326 2080 oi
336 2041 410 2080 aare
423 2043 440 2081 τ
474 2041 611 2101 φρουρια,
624 2025 722 2086 πολλοὶ
733 2027 812 2088 ὄντα.
823 2063 862 2075 -
880 2039 965 2102 Neque
981 2043 1061 2088 tamen
1077 2051 1223 2087 communem

236 2095 414 2170 ἀμνηστείαν
429 2105 598 2166 proclamatam
614 2104 689 2154 inisse
706 2109 813 2156 omnibus
830 2107 887 2155 inde
902 2110 978 2170 petet,
995 2106 1058 2168 quod
1074 2108 1168 2156 caesar
1183 2122 1222 2156 au.

235 2172 329 2219 demum
345 2170 407 2229 als,
436 2183 490 2217 euru
511 2173 596 2217 contra
611 2170 669 2218 Sex.
686 2173 825 2236 Pompeium
844 2173 931 2234 bellum
946 2176 1057 2234 pararet,
1079 2173 1223 2234 impunitate

234 2237 359 2300 proposita
380 2249 462 2284 omues
479 2249 521 2282 eos
537 2235 641 2298 recepit,
669 2239 709 2299 qni
725 2242 768 2286 ant
783 2239 911 2302 proscripti
927 2239 1036 2297 inerant,
1059 2241 1103 2287 aut
1117 2241 1143 2288 iu
1160 2233 1223 2287 belio'

235 2303 314 2365 Philip
333 2302 383 2351 ensi
406 2304 432 2349 et
453 2301 571 2350 Perusino
593 2301 767 2364 militaverant,
795 2304 916 2352 referente
936 2303 1013 2353 Dione
1029 2304 1100 2353 Caes.
1116 2305 1162 2365 48,
1180 2304 1222 2356 29.

233 2368 283 2424 aei
301 2317 351 2425 διὰ
370 2365 459 2425 τοῦτό
474 2383 509 2439 γε
527 2363 580 2442 οὐχ
597 2361 702 2438 ἥκιστα
719 2368 741 2433 οἳ
747 2367 867 2448 Καῖσαρ
884 2366 1027 2444 ὑπέμεινε,
1045 2368 1159 2440 πάντας
1168 2369 1223 2445 μὲν

233 2438 304 2513 τούς
321 2436 352 2500 ἐν
369 2435 415 2517 τῴ
431 2439 554 2516 πολέμῳ
572 2439 618 2516 uqi
634 2440 708 2500 κατὰ
731 2438 783 2501 τὸν
805 2441 939 2509 Actiacos
963 2439 1015 2500 τὸν
1038 2443 1092 2502 τοῦ
1106 2441 1222 2503 Ἀντιο-

234 2521 297 2576 νίου
316 2511 448 2590 ἀδελφὸν
464 2515 666 2591 μεταστάντας
683 2536 708 2574 υτ
725 2513 758 2588 ὸς
776 2512 874 2588 αὐτὸν,
892 2520 943 2576 καί
961 2512 993 2588 ἒξ
1012 2517 1109 2577 αὐτῶν
1118 2537 1152 2594 γε
1165 2518 1223 2578 τῶν

237 2593 374 2670 σφαγίων
392 2589 471 2648 ἔστιν
489 2585 541 2659 οὓς
559 2586 655 2662 ὄντας,
673 2537 781 2662 dairas
798 2609 831 2650 τε
847 2595 898 2650 καί
908 2589 960 2651 τδν
970 2592 1125 2669 Δομίτιον,
1143 2597 1222 2650 ποίν-

234 2684 288 2734 τας
306 2658 339 2722 δὲ
356 2664 407 2721 καί
424 2659 493 2732 τούς
510 2658 680 2735 ἐντιθέντας
698 2660 729 2722 ἓν
746 2667 809 2736 τοῖς
819 2665 1013 2744 λευκοίμασιν,
1032 2664 1112 2737 izeei
1123 2661 1233 2734 ἄλλως

234 2757 300 2809 πως
317 2735 363 2814 τῷ
379 2755 412 2795 τε
428 2736 556 2815 Βρούτῳ
574 2741 624 2795 καί
640 2737 687 2814 τῷ
702 2739 829 2816 Κασσίῳ
849 2739 1142 2816 συμπολεμήσαυτας,
1171 2739 1222 2795 καί

233 2808 310 2888 μετὰ
327 2813 415 2871 τοῦτο
432 2809 470 2869 τὰ
488 2815 542 2868 τοῦ
554 2809 715 2870 Ἀντωνίου
732 2812 913 2894 πράξαντας,
936 2806 1160 2880 καταδέξασθαι
1177 2805 1218 2869 ἐπ’

233 2882 330 2946 sidetes.
354 2921 393 2932 -
430 2896 492 2949 Quin
515 2896 614 2946 Suetou.
635 2897 691 2946 Oct.
713 2897 755 2948 18.
793 2899 923 2948 Caesarem
945 2895 1041 2944 scribit:
1067 2909 1221 2954 „successum

234 2948 354 3013 victoiiae
369 2963 465 3012 minime
479 2963 628 3014 moderatum
644 2978 710 3024 esee,
738 2963 783 3012 sed
803 2967 883 3029 capite
898 2962 966 3012 Bruti
981 2961 1082 3010 Romam
1096 2963 1176 3023 misso,
1193 2967 1221 3012 ut

234 3031 331 3078 statuae
341 3031 455 3080 Caesaris
471 3030 658 3091 submitteretur,
674 3031 700 3078 iu
716 3029 930 3094 epieudidieeimum
946 3041 1062 3090 quemque
1073 3029 1220 3093 captivorum

235 3107 282 3143 non
299 3096 351 3144 siue
367 3099 493 3146 verborum
510 3097 652 3146 contumelia
667 3098 809 3146 saeviisse?
843 3097 995 3157 Quantopere
1010 3093 1102 3143 Romae
1118 3095 1220 3142 omnium

234 3162 307 3209 animi
324 3165 433 3224 suspensi
454 3167 518 3212 metu
535 3165 649 3227 anxiique
671 3164 785 3224 fuerint,¹
801 3161 930 3212 adventum
946 3160 1054 3208 Caesare
1075 3161 1219 3224 proferente,

235 3227 383 3289 intelligitur*
395 3241 425 3276 ex
441 3228 518 3279 Dione
534 3230 603 3278 cass.
620 3230 661 3287 48,
678 3230 702 3278 8.
718 3255 753 3266 -
775 3231 861 3276 Seuec.
878 3226 908 3273 de
925 3227 993 3276 clem.
1009 3226 1034 3286 1,
1049 3227 1091 3276 10.
1125 3226 1236 3288 ignovit·

234 3292 326 3343 abavus
348 3295 405 3342 tuue
426 3293 512 3355 victis3
538 3309 594 3344 uam
609 3295 631 3344 si
647 3308 694 3345 nou
709 3294 849 3356 ignovisset,
866 3292 951 3356 quibus
965 3291 1123 3358 imperaspeti

301 3392 347 3455 47)
361 3391 506 3442 Maecenate
522 3391 687 3442 intercedente
708 3391 735 3437 id
752 3391 841 3439 iactum
858 3405 913 3440 esee
929 3392 1004 3440 tradit
1020 3391 1100 3440 Schol.
1115 3389 1171 3438 Aer.
1187 3389 1219 3437 ad
1268 3394 1271 3401 “

234 3457 274 3508 od.
289 3457 315 3518 1,
331 3457 356 3508 1.
373 3460 398 3508 2.
431 3459 564 3518 „Quoniam
580 3471 634 3508 enm
657 3469 673 3502 a
689 3455 765 3503 caede
781 3457 907 3517 liberauit,
927 3457 1002 3506 Bruto
1018 3471 1035 3505 a
1052 3458 1159 3504 Caesare
1175 3469 1219 3502 su-

178 3521 181 3530 ⁴
234 3530 333 3587 pereto,
361 3525 400 3592 sjei
416 3526 473 3588 quia
488 3538 532 3586 per
548 3527 626 3588 ipsum
642 3521 758 3570 liberatus
775 3527 813 3570 eet
828 3524 967 3586 indulgente
982 3523 1029 3572 eibi
1044 3523 1167 3584 Augusto,
1194 3525 1235 3576 et,

234 3593 309 3640 multa
330 3593 402 3641 etiam
418 3591 453 3639 iiii
469 3590 569 3639 donavit
584 3590 720 3647 Maecenas,
737 3589 828 3638 amicus
838 3590 938 3652 Augusti
957 3589 1093 3637 Caesaris.”
1125 3588 1220 3650 Perpe-

235 3670 295 3704 ram.
321 3659 371 3724 Ipsi
393 3659 458 3710 euin
473 3656 610 3708 Maecenati
624 3654 740 3706 Horatius
761 3656 830 3706 initio
847 3656 940 3708 danim
961 3655 1017 3706 anui
1033 3670 1058 3704 u.
1076 3669 1098 3704 c.
1114 3654 1163 3705 717
1179 3655 1219 3703 iu-

235 3723 321 3773 uotuit.
975 3724 978 3730 '

1363 3521 1364 3566 1

1363 3627 1364 3666 1

1363 3673 1364 3724 i

1362 3729 1364 3794 1

1355 4251 1364 4546 1
