2776 4582
544 337 584 349 -·
627 302 688 369 113
728 338 769 349 -

164 466 281 524 Gelsnd.
300 466 417 524 Jaunsr.
438 464 568 536 ejusdem
579 469 648 524 anni
667 469 839 542 praeparata
851 470 914 524 erat
925 461 998 547 (Dio
1011 462 1057 546 51,
1073 463 1147 551 td),

161 573 199 614 ue
222 557 327 620 leviter
351 556 468 630 quidem
492 555 643 630 tetigerit?
679 562 726 617 De
751 577 786 616 eo
810 574 869 617 uon
892 559 984 616 tacuit
1006 559 1038 615 iu
1059 577 1145 618 carru.

162 648 196 724 2,
225 647 269 704 12.
296 665 322 705 a.
348 648 411 705 725.
438 649 472 704 ut
497 648 611 706 videtur
634 649 742 724 scripto
768 646 826 730 (ct
851 651 978 707 Messon.
1003 665 1044 724 pr
1060 645 1147 731 183.)

86 785 88 796 .
161 755 190 814 vj.
208 738 228 794 9
247 753 306 812 sq:

161 813 173 830 ‘
505 862 543 874 -
562 835 651 904 tuque
669 831 852 905 pedestribus

308 921 396 979 Dices
416 920 544 977 historiis
564 918 674 994 proelia
694 923 843 1000 Caesaris,
941 991 944 996 ¹

310 1011 481 1087 Maecenas,
500 1012 619 1089 melius3
643 1017 794 1089 ductaque
809 1030 866 1086 per
884 1003 952 1072 vicis

511 1105 627 1176 Rapum
645 1106 724 1163 coilo
741 1108 916 1162 minacium.
1254 1179 1258 1186 ι

162 1181 271 1274 Quidni
295 1207 407 1250 morum
431 1193 645 1270 magisterium)
676 1194 755 1266 quod
781 1195 887 1252 Caesar
912 1211 938 1250 a.
964 1194 1029 1252 725.
1043 1245 1045 1254 .
1060 1194 1149 1253 subiit

161 1279 236 1365 (Dio
255 1283 302 1359 52,
321 1280 393 1362 42),
413 1284 526 1357 aliaque
545 1284 645 1359 multa,
665 1285 783 1356 quaein
798 1284 971 1341 carminibus
990 1290 1057 1344 tunc
1077 1288 1149 1344 ortis
1230 1328 1232 1332 .

161 1375 280 1432 honoris
311 1390 414 1431 caussa
440 1375 549 1449 passim
583 1376 856 1451 commemorantur,
893 1372 1010 1445 tetigiti
1058 1379 1149 1435 Estne
1249 1405 1250 1412 .

161 1465 279 1522 tandem
298 1464 435 1522 credibile
461 1462 532 1522 talia
556 1466 592 1522 ab
617 1461 738 1522 Horatio
763 1465 869 1523 omissa
894 1467 924 1520 et
948 1454 1008 1521 alto
1034 1467 1149 1527 silentio

93 1619 94 1626 ¹
162 1573 227 1612 esse
246 1551 369 1629 pressat
407 1555 515 1613 Credat
533 1555 663 1628 quisquis
688 1549 775 1612 volet.
820 1549 963 1627 Equidem
989 1558 1150 1629 persuasis-

162 1646 267 1702 simum
291 1645 401 1722 habeo,
434 1647 553 1703 satiram
576 1646 666 1702 multo
695 1647 762 1703 ante
792 1645 919 1702 reditum
943 1645 1095 1703 Octaviani
1119 1651 1151 1705 et

161 1735 303 1809 triplicem
322 1737 514 1814 triumphum,
539 1739 701 1810 Janumque
720 1735 886 1792 obseratum
904 1739 934 1793 ei
952 1740 1014 1793 tum
1032 1737 1151 1812 quidem

61 1831 63 1839 ⁴
161 1828 298 1901 scriptam
323 1843 404 1903 esse,
431 1843 496 1883 cum
522 1827 675 1882 Caesarem
698 1826 730 1881 in
756 1827 878 1886 Oriente
907 1829 1018 1883 versari
1041 1829 1150 1885 Romae
1271 1859 1285 1889 ,κ

161 1919 323 1991 constaret,
342 1931 397 1972 nec
416 1917 485 1972 dum
503 1914 539 1972 de
558 1915 729 1972 Parthorum
747 1915 891 1986 legatione
909 1917 1027 1972 nuntios
1047 1919 1150 1975 allatus
1192 1987 1194 1991 ,

162 2011 240 2064 essct
259 2000 333 2087 (Dio
346 2006 393 2082 51,
406 1999 528 2086 20.)‚h.
549 2023 574 2062 e.
590 2010 657 2063 ante
671 2006 867 2064 calendion.
888 2023 914 2062 a.
934 1997 998 2063 725.
1037 2009 1150 2065 Eodem
1197 2036 1200 2050 ·

161 2099 222 2155 iere
241 2101 371 2170 tempore
389 2097 437 2154 vel
454 2097 551 2171 potius
571 2098 657 2170 paulo
681 2097 858 2172 posteriore,
886 2096 938 2152 sed
963 2099 1031 2154 ante
1049 2099 1150 2156 trium·

160 2189 235 2262 phos
254 2187 369 2244 habitos
389 2184 439 2268 (v.
459 2187 544 2244 Jahn.
569 2187 674 2246 iutrod.
700 2188 779 2259 Virg.
805 2192 833 2261 p.
855 2177 987 2270 XXIV.)
1012 2189 1150 2260 Virgilius

160 2282 197 2359 in
212 2279 375 2350 Georgicon
392 2277 457 2336 libr.
471 2279 521 2336 Ill.
542 2296 569 2336 v.
591 2279 728 2336 13-48.
768 2279 900 2336 Caesaris
919 2282 995 2336 iacta
1014 2279 1149 2358 celebrat,

161 2387 200 2426 ex
226 2371 332 2442 quibus
360 2371 413 2427 hos
444 2371 627 2444 potissimum
645 2371 732 2427 velim
752 2386 816 2426 cum
840 2370 1006 2427 Horatianis
1032 2373 1149 2426 conten·

162 2453 429 2539 Qffifflmt
992 2537 997 2544 ἢ

309 2549 422 2604 Addam
440 2547 528 2604 urbes
546 2549 634 2604 Asiae
659 2547 781 2604 domitas
800 2548 971 2621 p'uls'umque
989 2549 1149 2627 Niphaten,

308 2639 524 2712 Fidentemque
539 2636 617 2712 fuya
634 2638 783 2696 Particum
800 2639 949 2714 versisque
969 2640 1092 2712 sagittis.

160 2717 311 2788 Falluntur
335 2729 424 2800 igitur
447 2744 638 2805 magnopere,
664 2729 714 2804 qui
738 2729 859 2803 primam
883 2730 950 2787 libri
967 2731 1005 2788 ll.
1031 2731 1150 2789 satiram

163 2820 318 2877 etidcirco
338 2819 428 2875 totam
453 2820 585 2892 syllogen
609 2823 676 2894 post
700 2838 724 2878 a.
745 2821 809 2878 724.
830 2823 988 2878 conlectam
1007 2839 1071 2878 esse
1091 2824 1148 2878 sta·

161 2913 262 2986 inunt,
289 2911 395 2984 quippe
420 2915 572 2985 perperam
602 2909 783 2985 interpretati
814 2911 920 2969 indicia
948 2923 1050 2985 perum
1079 2929 1148 2968 sane

135 2989 138 3000 '
162 3005 249 3059 certa.
288 3002 444 3058 Enimuero
461 3003 494 3058 in
518 3003 570 3059 tali
588 3002 755 3076 quaestione
775 3019 839 3058 eam
857 3003 973 3059 omniuo
990 3003 1084 3073 legem
1104 3020 1149 3060 sc-

162 3092 306 3167 quendam
331 3108 396 3148 esse
421 3092 560 3169 arbitror,
589 3095 622 3149 ut
645 3093 769 3149 incertas
786 3094 958 3164 temporum
981 3095 1065 3149 notas
1089 3110 1149 3151 non

162 3185 201 3241 ad
218 3184 368 3241 libidinem
394 3184 439 3240 iel
463 3185 559 3256 specie
584 3182 737 3239 historicae
761 3180 829 3238 fidei
847 3183 911 3238 tulii
929 3183 986 3248 buc
1004 3183 1071 3239 illuc
1089 3186 1148 3240 tra-

162 3275 280 3350 hamus,
300 3274 352 3330 sed
371 3277 438 3331 aute
457 3275 553 3332 omnia
572 3275 752 3347 quaeramus,
772 3270 909 3344 quidhoc
920 3273 1005 3329 illove
1018 3267 1148 3347 tempore

162 3368 414 3422 commemoratum
433 3381 497 3421 esse
515 3358 753 3421 verisimillimum
772 3363 825 3438 sit,
851 3362 921 3436 quid
944 3380 1003 3420 non
1020 3366 1148 3437 potuerit

164 3454 331 3512 debueritve
350 3455 482 3536 reticeri,
501 3457 564 3511 tum
581 3456 661 3511 velut
678 3454 710 3510 in
726 3452 850 3509 firmiore
866 3453 1050 3511 fondamento
1069 3458 1148 3511 fluxa

27 3573 29 3584 .
102 3593 104 3602 .
164 3547 195 3600 et
213 3545 300 3603 dubia
318 3546 456 3620 temporis
475 3544 582 3601 indicia
600 3546 718 3615 ligamus
738 3546 768 3600 et
786 3545 992 3601 confirmemus.
1009 3577 1049 3590 -
1080 3545 1146 3600 Nou

162 3639 242 3692 recte
260 3637 419 3694 Weichert.
440 3638 516 3710 poet.
536 3635 588 3691 rel.
607 3650 636 3707 p.
656 3634 720 3690 277.
741 3637 770 3690 et
789 3634 852 3695 298.
871 3637 931 3691 not.
951 3635 996 3690 22.
1029 3633 1146 3691 satiram

29 3739 32 3746 ’
64 3743 66 3754 “
164 3740 239 3782 auno
259 3726 322 3782 727.
348 3731 379 3784 et
397 3727 545 3784 Kirchner.
567 3726 677 3798 quaest.
698 3739 726 3796 p.
748 3724 792 3780 17.
818 3722 846 3801 §.
872 3724 917 3780 35.
944 3741 970 3780 a.
990 3722 1054 3779 726.
1074 3725 1146 3793 assi-

164 3819 297 3887 gnarunt.
316 3837 355 3861 ⁶-
384 3818 501 3875 Passov.
527 3816 665 3873 vitaret.
692 3813 755 3898 156.
780 3831 808 3888 p.
834 3814 925 3872 LXII.
952 3815 982 3870 et
1000 3816 1059 3872 uct.
1081 3813 1145 3873 146.
1198 3890 1201 3894 ¹

932 3903 951 3959 8
