2792 4576
543 1257 655 1374 Cap.
692 1259 780 1346 IV.

170 1449 205 1498 De
230 1439 376 1515 temporibus
401 1449 486 1512 quibua
511 1453 562 1498 trec
587 1450 717 1498 carminum
743 1448 797 1498 libri
822 1447 915 1510 priorec
940 1447 1023 1512 scripti
1049 1453 1074 1497 et
1098 1447 1157 1497 eliu

615 1531 712 1580 luerint.
1183 1529 1186 1540 '

565 1697 763 1708 ...ιι-..ῃ

169 1815 270 1902 Duas
287 1845 426 1901 haetenus
452 1843 550 1914 poesis
575 1839 752 1896 Hennaeae
777 1820 1177 1922 operu‘eoperlustravimus,¹

172 1957 246 2015 qnae
265 1941 381 1995 natura.
394 1952 446 1992 sua
471 1931 620 2006 cognatae*
635 1926 798 2007 eodemque
820 1938 950 2008 tempore
976 1940 1007 1992 et
1029 1951 1087 1994 una
1108 1953 1159 1994 ca·

173 2033 296 2103 demque
316 2028 352 2084 de
372 2043 474 2084 caussa
492 2027 656 2082 necessario
675 2029 772 2101 oriae,
799 2027 956 2102 tractatae,
977 2028 1156 2104 terminatae,
1218 2037 1220 2042 ’

171 2119 305 2178 curriculi
331 2113 408 2192 quod
432 2120 520 2192 poeta
546 2131 679 2174 emensus
699 2118 751 2172 est
776 2117 900 2190 primum
923 2117 1014 2174 veluti
1038 2117 1158 2189 gradum

26 2283 34 2292 ·
134 2268 135 2272 ,
172 2209 416 2269 circumscribunt,
456 2209 620 2281 Sequuntur
638 2209 727 2281 lyrica
745 2209 859 2266 Horatii
884 2208 995 2284 studia,
1021 2209 1061 2265 acl
1084 2223 1160 2283 qnae

172 2319 339 2374 graecorum
365 2300 573 2373 exemplarium
596 2302 720 2357 lectione
745 2300 854 2356 dudum
878 2296 1066 2373 praeparatus
1091 2315 1159 2373 pro·

161 2411 242 2466 pero
261 2409 361 2464 gressu
386 2395 448 2445 tum
474 2390 589 2446 demum
617 2392 760 2466 perrexit,
792 2407 857 2446 cum
870 2445 871 2450 ,
885 2391 962 2447 vilae
982 2389 1157 2467 conditione,

172 2485 267 2539 aetate
287 2483 436 2537 cimento
450 2479 606 2534 immutatis
632 2484 782 2552 pertaesus
808 2479 898 2536 amari
922 2478 1002 2534 lusus
1022 2495 1040 2535 a
1058 2482 1175 2538 contu.

172 2574 357 2630 meliosorum
388 2567 545 2624 carminum
577 2570 782 2640 compositione
815 2586 847 2626 se
871 2568 1066 2626 continuisset,
1103 2569 1159 2628 Per

172 2663 253 2726 varia
271 2662 349 2718 vitae
369 2657 535 2714 discrimina
552 2657 620 2714 inde
639 2675 657 2714 a
675 2675 778 2730 graeca
795 2660 1027 2733 peregrinatione
1052 2661 1157 2719 elucla·
1237 2709 1242 2728 ,

172 2759 230 2830 ius,
249 2755 352 2826 postea
370 2749 574 2804 malevolorum
592 2749 739 2806 homiuum
757 2749 915 2808 inimicitiis
935 2730 1102 2826 pressus‘et
1120 2752 1157 2810 ob

174 2844 293 2902 dubium
311 2845 342 2898 et
360 2841 547 2896 fluctuantem
566 2841 676 2912 patriae
703 2844 809 2898 statum
828 2844 857 2899 ct
877 2843 999 2898 salutem
1018 2842 1161 2911 aegrimo,
1241 2863 1245 2868 ’

173 2936 223 2992 nin
247 2933 408 3006 conlectus,
436 2931 576 3003 paulatim
601 2932 717 3004 quidem
741 2949 807 2990 eum
834 2931 965 2990 suavium
992 2931 1156 3010 amicorum,

173 3024 302 3098 Virgilii,
325 3022 406 3080 Varii
425 3021 601 3095 aliorumque
619 3039 689 3098 usu,
716 3026 778 3079 lum
802 3023 955 3097 praecipue
980 3022 1158 3082 Maecenatis
1184 3050 1187 3056 ·
1236 3029 1238 3033 ’

174 3114 349 3188 patrocinio,
369 3127 425 3184 quo
445 3110 481 3167 ab
500 3113 617 3168 ineunte
636 3128 711 3169 auno
730 3129 758 3168 u.
779 3131 803 3168 c.
823 3111 886 3169 717.
907 3111 1022 3182 gavisus
1042 3106 1156 3190 esi·(ol'.

175 3222 247 3279 quac
268 3202 489 3276 disputabuntur
507 3202 581 3259 infra
600 3202 637 3259 ad
656 3203 716 3259 Sal.
736 3203 765 3277 2,
785 3197 840 3280 6.),
855 3201 1057 3273 jucundiorem
1068 3205 1158 3261 vitam

175 3299 205 3352 ei
231 3295 308 3352 curis
336 3295 467 3348 vacnam'
482 3292 604 3366 adeplus
633 3294 703 3349 erat.
747 3294 808 3350 Nec
836 3296 934 3350 tamen
960 3285 1059 3350 caruil
1086 3309 1157 3368 quae

175 3388 311 3458 expertus
331 3386 394 3438 crat
412 3398 508 3438 rerum
526 3383 662 3440 turnolio
687 3384 830 3440 exstincta
855 3387 900 3439 esi
924 3385 1077 3461 momoria,
1103 3401 1157 3441 nec

174 3474 402 3547 tamlevipcde
421 3473 573 3546 adportes
593 3489 713 3546 quarum
737 3490 805 3531 osor
829 3461 923 3530 lucrat
945 3475 1095 3550 transiliit,
1114 3476 1156 3550 ut,
1246 3472 1249 3478 '

175 3567 266 3622 donec
284 3565 395 3638 patriae
415 3564 492 3619 salus
511 3563 543 3618 in
561 3579 701 3636 suspenso
720 3565 789 3641 fuit,
808 3565 856 3620 vol
873 3565 990 3622 omnino
1014 3565 1052 3620 ad
1068 3563 1158 3634 lyrica
1187 3586 1189 3594 f

137 3717 138 3720 Ἴ
174 3656 290 3712 levioris
310 3646 471 3726 argumenti
490 3654 616 3710 carmina
641 3655 837 3728 componenda
860 3655 1017 3730 proclivem
1040 3670 1072 3710 se
1091 3670 1157 3711 sen·

174 3744 255 3819 serit,
274 3745 321 3801 vel
340 3745 528 3802 celebraverit
542 3743 630 3800 etiam
641 3743 820 3801 adversarios
834 3761 911 3821 snos,
930 3746 1057 3802 reluere
1068 3744 1158 3804 animi

175 3833 272 3890 nudie
290 3835 420 3892 mendaci
438 3835 500 3904 lyra
510 3833 591 3890 velut
609 3833 728 3904 ejurarit
746 3839 776 3890 el
794 3834 957 3892 otlulalione
969 3835 1084 3894 foedum
1096 3853 1157 3894 eer-

468 3925 471 3933 s
920 3922 964 3981 μ
