2792 4576
502 307 748 373 ‘-1r-.

144 471 245 531 incidit
260 471 294 532 tn
307 467 495 532 'auctumnum
513 471 582 529 anni
599 487 628 531 u.
641 467 672 529 c.
691 467 748 529 712
762 465 818 554 ⁴⁸).
836 501 875 516 -
917 471 974 531 Scd
998 471 1135 536 falluntur

143 559 193 640 qui
210 567 290 622 recta
307 565 356 621 via
375 579 440 620 eum
458 562 579 632 Pomam
596 561 744 620 revenissc
759 562 899 633 iudicant.
933 563 1024 625 Immo
1042 565 1133 625 tritis·

143 657 216 713 simo
234 655 337 712 itinere
357 653 531 712 Brundisino
545 647 592 732 ⁴⁰)
611 669 678 712 eum
696 668 781 711 usum
799 641 923 728 primum
942 652 1134 730 inpa'temam

141 747 242 804 sedem
259 746 461 818 commigrasse
481 760 516 802 co
534 743 626 814 magis
646 741 775 801 adducor
791 746 824 801 ut
842 743 973 823 credam,
1003 761 1061 821 quo
1079 745 1134 804 mi·

142 853 197 894 nus
222 837 408 912 intelligitur,
434 852 485 892 cur
513 835 546 891 in
570 829 712 890 summam
736 827 865 904 dejectus
889 835 1019 910 inopiam
1043 834 1132 894 desti·

122 929 280 1003 .tutusque
313 924 473 985 fautoribus
507 925 629 984 Romam
656 923 778 995 elegerit
807 924 999 1003 domicilium,
1036 943 1131 1002 neque
1179 961 1182 966 ·

140 1019 299 1079 Venusiam
317 1017 436 1092 abierit,
462 1015 513 1082 ubi
536 1015 568 1072 in
590 1013 684 1089 patris
703 1015 796 1085 agello
814 1016 923 1073 victum
941 1017 999 1074 sibi
1016 1033 1132 1093 compa·

43 1094 45 1165 ξ
140 1126 207 1168 rare
225 1108 327 1183 {potuit
356 1101 508 1164 certiorem
532 1105 635 1164 saltem
660 1119 747 1180 quam
765 1105 844 1163 alibi.
889 1106 947 1165 Sed
971 1107 1024 1165 ubi
1042 1105 1131 1167 undo

141 1202 263 1274 paterno
286 1197 431 1272 privatum
455 1213 487 1254 se
511 1189 662 1278 vidit⁸⁰),
685 1195 877 1270 propriaeque
896 1197 1007 1256 telluris
1024 1213 1131 1264 novum

140 1289 279 1365 incolam,
298 1303 359 1346 uon
376 1289 498 1365 patrem,
518 1285 655 1364 offendit,
675 1302 742 1344 eum
759 1285 917 1344 verisimile
937 1291 984 1348 est

251 1379 366 1439 Decisis
385 1379 523 1436 humilem
540 1377 645 1452 pennis
664 1375 837 1452 inopemque
855 1379 971 1452 paterni
1046 1385 1047 1394 ¹

157 1522 158 1525 ,
222 1471 291 1530 «m
308 1469 377 1528 laris
397 1472 427 1526 et
444 1469 527 1528 tundi

41 1614 44 1653 ξ
128 1561 262 1619 *Romam
291 1562 452 1636 profectum
483 1577 564 1638 esse,
602 1559 645 1619 ibi
675 1563 709 1618 ut
738 1561 895 1637 praeclaris
927 1564 1047 1622 naturas
1078 1561 1130 1621 do·

39 1702 41 1729 ,
141 1653 221 1710 tibus
245 1652 354 1709 victum
378 1654 546 1728 quaereret,
576 1653 607 1708 et
630 1652 663 1708 in
686 1652 864 1711 eruditorum
887 1655 1036 1712 hominum
1063 1670 1130 1712 con·

39 1750 41 1763 '
140 1744 232 1801 sortio
256 1743 373 1819 iniquae
402 1742 489 1800 sortis
518 1739 661 1802 solatium.
711 1742 786 1800 'lun
818 1744 907 1814 igitur
923 1745 1139 1820 -audiamus

138 1835 238 1908 ipsum
254 1850 377 1890 —eum
396 1833 621 1908 „paupertas
645 1830 796 1900 impulit
818 1833 961 1910 audax,
988 1839 1027 1893 ut
1053 1851 1131 1894 ver·

36 1992 38 2006 ἶ
141 1940 204 1978 sus
229 1919 404 1979 iaceret.“
448 1921 513 1984 Quo
538 1914 609 1989 quid
633 1916 853 1996 significaverit,
879 1937 915 1978 eo
938 1923 1031 1994 magis
1056 1941 1072 1979 c
1096 1940 1130 1982 re

141 2012 199 2068 erit
216 2010 303 2084 paulo
321 2007 481 2066 accuratius
501 2023 656 2085 exponere,
675 2010 784 2082 quanto
797 2010 907 2066 firmius
926 2011 968 2068 ita
986 2015 1047 2070 iore
1066 2015 1130 2069 mu·

142 2101 308 2160 dementum
323 2115 433 2176 spero,
458 2100 490 2156 in
514 2115 571 2174 quo
590 2099 655 2174 ipsa
673 2099 838 2176 disquisitio
852 2101 989 2180 uitetur,
1014 2118 1129 2177 quoquo

140 2193 251 2252 facilior
270 2191 307 2248 ad
325 2207 391 2248 eam
409 2191 458 2248 liet
477 2191 628 2258 transitus.
1123 2247 1125 2250 .

213 2281 331 2342 Nemini
349 2297 475 2357 unquam
494 2283 614 2341 dubium
638 2283 692 2340 fuit
716 2282 786 2358 quin
803 2283 940 2342 Horatius
957 2283 990 2340 in
1007 2283 1130 2358 epistola

141 2374 179 2431 ad
206 2375 304 2431 Julum
330 2372 448 2431 Florum
476 2391 560 2431 suum
588 2373 655 2432 data
678 2375 876 2446 indignantem
894 2378 1129 2450 querentemquc,
1205 2372 1219 2394 ²

32 2523 33 2530 χ
141 2464 220 2538 quod
237 2481 292 2522 nco
311 2463 434 2536 epistola
442 2479 537 2536 neque
548 2468 717 2539 exspectata
729 2466 855 2522 carmina
867 2482 885 2521 a
896 2464 1028 2520 mendaci
1042 2468 1129 2538 poeta

32 2535 35 2579 ὲ
140 2555 231 2612 missa
249 2553 317 2626 sint,
335 2551 550 2606 narratiuncula
567 2554 617 2607 illa
637 2553 673 2606 dc
687 2554 798 2610 Luculli
812 2554 903 2610 milite
917 2570 974 2610 av.
988 2553 1127 2612 26-40.
1183 2543 1185 2552 ’

33 2652 35 2669 ¹
141 2637 272 2701 exhibita
301 2656 384 2698 suam
411 2639 503 2713 ipsius
528 2639 694 2716 historiam,
725 2643 810 2698 sortis
839 2643 933 2720 vices,
963 2643 1065 2719 hisque
1091 2645 1128 2702 ad

140 2735 244 2812 poesin
271 2729 458 2804 actitandum
485 2729 667 2806 procreatum
694 2731 910 2792 incitamentum
937 2737 1074 2810 tanquam
1096 2736 1128 2792 in

80 3015 81 3020 ,
160 3034 166 3046 ¹
208 2967 254 3031 48)
270 2967 408 3082 Gigarta.
425 2969 559 3046 Cenotapln
576 2968 659 3018 Pisan.
676 2967 772 3018 dissert
788 2971 819 3018 ll.
835 2985 860 3033 p.
877 2969 926 3023 188
950 2984 1001 3033 sq,
1023 2967 1129 3028 Maeror.

142 3037 187 3086 *¹²⁴
203 3035 327 3163 ida..
344 3035 1068 3164 sirtille?ilidii.i.tittiia...
1083 3113 1128 3148 ..-

143 3167 232 3216 cidisse
248 3167 330 3225 tradit,
348 3169 411 3229 quod
423 3171 589 3218 commemorat
601 3167 638 3214 od
657 3169 680 3225 3,
698 3167 722 3216 4.
739 3167 788 3226 26„
806 3181 852 3228 quo
869 3165 1053 3215 rad-Palinurum
1069 3179 1127 3228 pro-
1206 3211 1210 3218 ,
1256 3215 1258 3224 1

141 3233 283 3284 montorium
306 3233 381 3282 vitam
407 3248 486 3296 paene
508 3234 634 3296 naufragio
657 3233 773 3282 amiserit.
801 3247 825 3280 v.
847 3231 922 3280 Mass.
944 3248 969 3296 p.
992 3232 1032 3282 58.
1059 3233 1129 3280 Pasa.
1197 3254 1202 3269 r

139 3303 191 3350 net·
207 3299 253 3428 gg)
269 3365 457 3427 Proscriptum,
473 3365 537 3428 quod
552 3366 634 3428 procul
652 3362 723 3413 dubio
740 3368 807 3412 recte
822 3370 902 3414 munet
914 3365 992 3413 Schul.
1009 3364 1041 3412 ad
1058 3365 1129 3428 epist.

33 3465 34 3468 =
141 3433 166 3492 2,
183 3433 207 3483 2.
224 3431 265 3481 49.
297 3431 440 3494 „Significat
456 3434 659 3495 suprascriptum
676 3431 773 3480 iuiuse.‘'
789 3432 874 3494 Inepte
892 3432 953 3479 enim
969 3431 1084 3480 Horatius
1100 3444 1128 3478 se

119 3517 120 3524 ι
140 3497 236 3560 inopem
252 3499 347 3562 paterni
363 3498 421 3546 laris
439 3501 463 3546 et
479 3498 546 3546 fundi
563 3513 618 3546 esse
634 3501 732 3560 questus
750 3503 827 3557 esset,
845 3499 866 3546 si
883 3499 994 3558 venditus
1010 3497 1096 3546 suisset
1112 3509 1128 3542 a

33 3565 34 3635 ζ
142 3568 212 3626 patre
232 3565 336 3626 agellus,
360 3579 413 3613 cum
435 3578 533 3626 puerum
550 3565 649 3612 Romam
670 3565 825 3612 comitaretur
853 3564 1049 3625 (haddanum).
1076 3560 1128 3609 Ve—
1148 3595 1150 3602 .

141 3629 214 3676 nuria
229 3635 309 3679 autem
324 3631 350 3678 in
367 3631 501 3678 octodecim
517 3629 564 3679 illis
581 3630 721 3679 civitatibus
738 3635 803 3688 erat,
821 3644 920 3692 quarum
936 3629 989 3690 agri
1005 3626 1128 3676 veteranis

142 3707 160 3742 a
175 3694 305 3745 triumviris
322 3699 426 3746 exeunte
441 3710 504 3745 anuo
520 3710 545 3745 u.
563 3709 584 3743 c.
602 3695 871 3757 mundandantur,
894 3700 922 3744 ut
944 3695 1034 3744 deame
1049 3696 1128 3741 teuta·

142 3763 184 3808 tur
209 3759 310 3822 Appian.
333 3763 388 3811 bell.
412 3763 458 3812 civ.
481 3763 511 3823 l,
535 3764 559 3812 3.
599 3761 636 3808 Gi.
665 3762 706 3823 qui
732 3761 795 3810 idem
822 3763 959 3810 statuerunt
985 3759 1127 3819 Ommeren,

32 3884 34 3896 ,
61 3901 64 3911 Ι
142 3824 269 3876 Kirclmer.
285 3833 378 3890 quaest.
393 3843 418 3892 p.
435 3828 476 3879 6⁰.
492 3827 517 3892 §.
534 3828 588 3889 18„
605 3827 707 3876 Pastor.
724 3827 769 3876 uit.
784 3842 809 3892 p.
826 3827 951 3886 XXXVII.
968 3829 1018 3874 not.
1035 3823 1094 3876 101.

899 3943 903 3962 .
928 3907 949 3962 2
