2776 4582
570 326 613 340 -
645 289 707 360 su
736 323 779 340 -
837 341 843 354 ,

181 463 229 520 tus
253 462 284 517 et
306 455 440 516 hostibus
458 455 630 514 metuendus
653 457 802 534 internos
821 454 1004 512 commoreris
1023 447 1108 536 (usq.
1128 453 1167 512 ed

147 615 150 636 ι
180 548 316 634 θη.)Ξ--,
352 550 387 607 ln
411 547 457 606 his
472 563 534 605 me
557 547 640 608 vides
672 564 737 604 cum
760 546 967 622 interpretibus
993 547 1168 622 consentire,
1222 597 1225 599 ,

180 626 325 717 nisiquod
336 643 457 712 naturae
467 638 599 713 prodigia
618 633 662 719 (v.
676 633 805 716 1-20.)
821 652 880 694 non
896 639 1011 698 iusticia
1028 635 1168 694 bellorum

182 733 310 794 civilium
328 731 381 790 sed
397 731 742 803 mppuacmumnana
766 732 872 786 datum
883 727 927 783 *ab
945 726 1169 786 Horatiointel·

182 826 258 884 lecta
275 841 340 882 esse
358 824 439 897 puto.
456 855 460 864 ·
476 821 558 878 Hane
575 819 843 894 interpretationem
868 817 958 875 solam
973 835 1057 888 jesse·
1071 833 1170 876 ueram

182 915 307 990 probant
323 913 377 970 vs(
394 911 428 968 li
450 925 510 986 sq„
534 910 566 966 in
591 909 695 983 quibus
714 911 839 988 'liberis¹
853 909 945 966 amnis
966 908 1072 966 dicitur
1089 911 1170 968 ultor

183 1004 284 1086 uxoris
303 1019 378 1074 suae
390 1001 461 1058 Iliae
481 999 544 1056 sive
562 1000 660 1058 Rheae
671 1001 777 1058 Silviae
787 997 832 1080 ¹),
851 1018 926 1075 quae
944 1015 1046 1066 necem
1066 1000 1171 1060 Gaesa-

183 1095 225 1154 ris
250 1093 364 1166 cognati
388 1091 434 1150 sui
457 1091 583 1163 lugebat
627 1091 717 1165 idque
745 1092 835 1166 proba
860 1091 1064 1152 intellexerunt
1083 1091 1171 1150 Scho-

183 1185 302 1261 liastae,
322 1199 444 1261 quorum
454 1181 556 1244 Acron
568 1181 644 1240 adv.
655 1183 702 1252 L:
722 1185 776 1259 „Q
797 1182 929 1242 Caesarie
942 1184 1065 1241 mortem
1083 1181 1171 1253 sigui·

84 1331 86 1340 χ
183 1276 263 1352 licat,
283 1290 341 1348 quo
359 1275 391 1331 in
410 1277 513 1331 senatu
531 1273 626 1330 occiso
654 1273 795 1345 plurimae
813 1275 1017 1348 tempestates,
1036 1272 1120 1332 nives
1141 1276 1172 1340 et

183 1365 337 1438 grandines
357 1367 489 1442 fuerunt,
515 1379 572 1437 quo
590 1366 721 1435 tempore
741 1364 771 1418 et
789 1361 975 1421 inundatione
994 1363 1109 1424 Tiberis
1129 1364 1172 1420 di·

184 1457 259 1515 citur
276 1457 369 1515 Roma
386 1456 549 1532 laborasse,
566 1441 651 1529 'quod
665 1459 787 1526 propter
802 1453 961 1515 Caesarea
978 1456 1011 1510 tu
1029 1455 1173 1514 tortorem
1190 1495 1192 1504 .

183 1547 314 1622 Augusti
336 1547 490 1623 Caesarie,
509 1548 616 1605 ultoria
633 1544 702 1616 ejus
704 1585 717 1618 ,
731 1546 807 1604 ,cult
821 1539 939 1614 factum
955 1547 1060 1602 videet.
1097 1545 1173 1604 Nam

185 1637 222 1696 de
246 1639 311 1713 ipso
336 1641 366 1694 et
389 1639 468 1710 Virg.
489 1626 602 1719 (eclog.
629 1636 662 1710 5,
687 1629 772 1714 20.):
796 1635 992 1710 Enednctum
1015 1637 1174 1711 Nymphae
1222 1663 1223 1668 κ
1266 1699 1267 1713 ¹

184 1733 299 1790 mudelt
314 1726 424 1800 lisam
434 1731 582 1802 Daphnin
589 1727 716 1802 flebant,
728 1729 759 1784 et
770 1725 839 1782 alibi
852 1718 975 1805 (Georg.
990 1722 1172 1809 1,466sq.):
1200 1773 1202 1780 ,

183 1824 241 1878 llte
265 1825 357 1879 ettam
385 1824 533 1878 eoeettuoto
560 1822 722 1890 curwalam
754 1815 884 1873 Caesare
911 1819 1048 1876 Romam.
1092 1820 1172 1878 Haec

185 1911 263 1966 enim
281 1911 378 1967 omnia
396 1909 416 1964 i.
436 1925 459 1965 e.
482 1907 615 1982 fulmina,
643 1904 830 1981 grandinem,
850 1889 951 1962 diluuii
963 1910 1071 1964 metum
1088 1909 1173 1966 intel·

185 2001 265 2078 tigit,
289 1999 353 2057 vult
375 2002 538 2058 uindictam
566 1997 705 2064 Gaesorm
729 1995 847 2054 fuisse.”
865 2027 904 2042 --
939 1998 1065 2071 Pomm
1086 2003 1173 2076 „post

187 2141 385 2154 —....-.--

250 2244 280 2310 1)
297 2245 341 2294 ilia
357 2245 410 2295 sive
425 2243 494 2296 Rhea
511 2245 588 2295 Silvia
603 2246 650 2294 boc
667 2247 760 2294 tantum
775 2245 828 2295 loco
846 2247 871 2295 et
881 2243 945 2310 apud
963 2230 1088 2294 Claudiae.
1106 2259 1173 2296 cons.

141 2308 165 2366 ,’
186 2311 258 2361 Proh.
275 2313 332 2362 224.
348 2327 410 2362 uxor
426 2311 523 2361 Tiberis
540 2312 651 2375 fingitur,
669 2313 741 2376 vulgo
757 2311 865 2362 Anienis.
899 2309 994 2362 Acron'
1013 2313 1051 2362 ad.
1069 2327 1093 2362 v.
1109 2325 1173 2360 uro-

186 2381 236 2428 rius
252 2381 352 2428 amuis:
369 2379 499 2440 „diversae
516 2380 547 2428 de
563 2381 607 2428 Ilia
624 2383 749 2442 poetarum
765 2381 889 2442 opiniones
905 2383 973 2438 sunt3
990 2393 1044 2428 nam
1061 2379 1106 2426 Ilia
1120 2393 1174 2428 ma·
1191 2402 1193 2410 ⁴

185 2448 224 2494 ter
240 2445 286 2492 luit
307 2446 415 2503 Romuli,
438 2461 508 2506 quem
531 2459 562 2494 ex
584 2446 664 2494 Marte
687 2447 806 2506 suscepit,
829 2459 891 2507 quae
912 2449 1005 2494 mortim
1027 2445 1121 2506 sepulta
1142 2445 1174 2496 ad

186 2511 262 2572 ripum
284 2511 382 2558 Anienis
405 2510 472 2558 duvii
496 2511 598 2567 dicitur,
622 2511 662 2572 qui
684 2511 708 2556 iu
731 2509 838 2558 Tiberim
855 2511 919 2558 eadit
936 2513 961 2557 et
978 2510 1034 2571 quia
1050 2509 1174 2558 abundans
1253 2509 1256 2518 ’

186 2577 255 2638 aquis
272 2573 333 2623 Anio
351 2577 445 2624 uiueres
463 2575 522 2623 iliae
538 2577 563 2622 iu
579 2575 689 2624 Tiberim
705 2574 818 2635 deduxlt,
841 2576 876 2622 ita
892 2574 965 2623 dictu*
975 2579 1013 2623 est
1029 2576 1073 2624 llia
1090 2575 1174 2625 Tiberi

186 2643 310 2704 nupsisse,
326 2644 354 2690 et
369 2641 425 2690 ideo
442 2640 504 2691 dixit
519 2643 631 2692 emoriere
647 2643 747 2700 emme,
765 2643 804 2704 qni
816 2641 885 2689 seed
897 2643 1079 2704 eJ'usqnerelam
1093 2644 1175 2705 jacta„
1245 2643 1248 2648 “

186 2713 225 2756 ret
241 2709 349 2756 ultorem.
383 2707 430 2756 Alii
447 2709 541 2767 dicunt,
559 2708 623 2770 quod
639 2709 693 2770 ipsa
709 2709 754 2755 Ilia
769 2707 854 2756 Anieni
878 2710 1000 2771 nupserit,
1017 2723 1071 2758 uam
1087 2714 1175 2771 poetae

186 2775 254 2824 multi
271 2775 316 2823 boe
332 2775 447 2823 sentiunt.
482 2774 533 2824 Sed
548 2775 663 2823 Horatius
679 2779 707 2823 ut
717 2775 801 2823 Tiberi
818 2774 859 2822 det
876 2789 974 2824 caussas
985 2776 1111 2835 irascendi,
1128 2775 1174 2824 Tt-

186 2842 253 2893 beris
274 2841 351 2903 magis
375 2840 438 2888 dixit
454 2855 561 2890 uxorem.
600 2841 705 2890 Uxorius
729 2842 791 2890 enim
818 2842 906 2890 dieitur
927 2843 1126 2900 meridedum,
1148 2847 1191 2890 ut'

186 2907 255 2968 virg.
281 2908 359 2968 (teu.
385 2908 416 2966 4,
442 2908 530 2971 2860:
556 2909 747 2972 pulchramque
771 2910 882 2958 enomere
908 2906 999 2959 urbem
1027 2905 1174 2958 coctumst
1216 2935 1218 2940 ·

186 2972 321 3036 Porpbgr.
338 2973 378 3026 ad.
396 2987 420 3022 v.
437 2975 478 3022 17.
507 2975 568 3034 „llia
592 2977 704 3024 auctore
724 2973 812 3024 Ennio
834 2976 859 3024 in
881 2989 974 3022 amnem
990 2973 1090 3022 Tiberin
1104 2975 1174 3035 jussu

187 3040 273 3088 Amulii
290 3039 354 3102 regis
371 3039 515 3088 Albanorum
531 3043 692 3104 praecipitata
709 3045 754 3088 est.
788 3040 866 3088 Antea
883 3042 944 3088 enim
955 3040 1040 3088 Auieni
1052 3041 1175 3089 matrimo-

187 3106 228 3154 nio
240 3107 338 3168 juncta,
356 3108 428 3168 atque
445 3107 484 3155 bic
499 3108 615 3169 loquitur,
633 3107 701 3168 quasi
713 3105 796 3154 Tiberi
812 3108 892 3168 potius
903 3107 1019 3169 nupserit.
1053 3107 1177 3167 oneraret

187 3176 270 3222 eutem
286 3173 346 3222 llice
363 3171 461 3222 caedem
478 3174 590 3223 Caesaris
607 3172 809 3234 intelligendum*
842 3172 935 3232 (Sobel.
951 3171 1017 3222 Aer.
1036 3173 1067 3220 ad
1078 3189 1102 3222 v.
1113 3171 1175 3238 qute-

145 3296 149 3304 .
186 3240 275 3289 renti:
292 3239 418 3302 „querelas
435 3240 500 3302 apud
515 3256 543 3288 se
560 3239 688 3303 deponenti
705 3239 735 3287 de
752 3241 828 3286 morte
845 3239 970 3297 Caesaris,
993 3239 1093 3288 bominis
1116 3255 1176 3289 suae

187 3305 322 3367 originw)
339 3331 372 3343 ·-
388 3306 465 3354 Seru.
482 3307 514 3354 ad
529 3305 596 3368 Virg.
612 3307 671 3353 Aen.
689 3303 718 3365 1,
736 3306 805 3355 tib:
822 3305 943 3364 „Amulius
961 3309 985 3354 et
996 3305 1108 3355 Numitor
1123 3309 1175 3355 ira-

187 3375 238 3432 tres
259 3372 356 3422 fuerunt
379 3369 432 3432 [filii
456 3373 568 3436 Procae}
606 3372 711 3420 Amulius
734 3375 815 3420 autem
837 3371 936 3420 fratrem
963 3373 1063 3434 imperio
1085 3374 1175 3436 pepulit

188 3437 304 3486 etlilium
322 3439 373 3499 ejus
390 3439 499 3497 necavit3
515 3438 589 3488 liliam
605 3453 664 3488 vero
680 3438 747 3486 lliam
769 3437 860 3486 Vestae
882 3438 1031 3487 sacerdotem
1054 3440 1124 3497 fecit,
1147 3443 1175 3486 ut

188 3520 255 3567 spem
277 3505 367 3553 sobolis
389 3505 509 3563 auferret,
531 3520 547 3552 a
569 3520 616 3567 qua
637 3520 665 3553 se
687 3505 765 3566 puniri
781 3519 853 3568 posse
870 3509 1023 3566 cognouerat.
1055 3505 1130 3562 Haec,
1147 3507 1175 3553 nt

188 3572 256 3619 multi
272 3572 367 3629 dicunt,
385 3583 437 3618 cum
453 3572 548 3632 peteret
564 3585 643 3633 aquas·
656 3570 688 3618 ad
703 3585 787 3630 saera,
803 3571 928 3632 ‘repentino
940 3585 1040 3619 occursu
1056 3571 1104 3632 lupi
1121 3575 1175 3618 ture

188 3637 247 3686 bata
263 3638 352 3700 refugit
368 3637 392 3685 in
410 3638 546 3699 speluncam
551 3672 559 3696 ,
576 3638 600 3684 in
618 3651 665 3699 qua
681 3650 696 3683 a
712 3637 791 3686 Marte
813 3651 949 3700 compressa
966 3640 1015 3696 est,
1038 3636 1101 3684 unde
1123 3637 1174 3693 pati

134 3727 136 3736 ι
189 3706 245 3750 sunt
259 3703 350 3753 Remus
367 3708 392 3752 et
408 3704 535 3752 Romulus:
558 3717 616 3764 quos
639 3713 692 3750 cum
713 3704 789 3752 rriatre
805 3703 911 3751 Amulius
930 3703 1004 3764 jussit
1019 3703 1173 3764 praecipitari

189 3768 214 3815 in
231 3767 346 3818 Tiberim.
378 3769 450 3830 Tum,
473 3769 611 3831 etquidem
635 3768 728 3828 dicunt,
750 3771 818 3818 iliam
839 3770 885 3817 sibi
901 3768 977 3815 Anien
993 3767 1053 3816 iecit
1068 3781 1173 3828 uxorem,
1274 3760 1279 3769 ⁴

191 3837 217 3882 ut
233 3835 288 3894 atii,
305 3837 374 3887 taur
389 3848 453 3900 pstor
467 3836 611 3900 Horatiae,
622 3832 750 3917 fimi
767 3836 830 3889 uude
847 3838 896 3885 est:
912 3834 1024 3888 anemos
1041 3833 1154 3919 ammed’

615 3917 617 3925 .
794 3922 809 3970 p
1204 3913 1206 3920 .
