2792 4576
452 261 774 344 z-sa-

253 415 367 499 Deinrle
381 445 527 514 nusquam
544 440 722 514 posterioris
732 439 871 516 temporis
889 438 1044 512 vestigium
1061 441 1166 504 666161

50 550 51 556 “
138 591 139 594 ,
180 531 255 590 Nam
277 547 333 588 nec
358 528 1167 610 666661166611166661,,616166116666166111116161ι

178 621 359 691 mentionem,
374 615 449 700 (Sal.
470 621 497 698 l,
517 623 562 680 10.
581 617 646 700 62.)
664 639 741 682 nuno
759 625 912 698 quisquam
927 625 997 698 post
1014 621 1169 688 accuratis.-

179 714 283 772 simam
305 712 466 772 Weicherti
491 697 717 788 disputationem
741 709 802 796 (dc
824 716 892 774 vm.
920 715 950 770 et
969 714 1049 772 cass.
1074 712 1168 780 Parni.

179 821 209 878 p.
235 804 290 863 213
315 820 358 877 sq.
382 803 457 877 inpr.
477 803 542 861 265.
561 799 626 884 66.)
651 804 690 862 ad
716 805 848 872 Cassium
870 807 1068 864 Purmmsscm
1085 807 1169 869 ‚anno

105 927 106 940 .
179 895 335 954 66723.
362 893 543 953 demortuum
567 897 690 972 reseret,
715 911 770 954 nec
789 895 942 972 6611166,
966 895 1077 969 inqua
1099 895 1170 962 noui

179 986 358 1044 Maecenatis
376 986 454 1042 horti
471 977 503 1042 iu
520 985 659 1060 Esquiliis
677 985 821 1044 aedificati
845 980 889 1068 (v.
914 986 942 1054 7.
962 988 993 1044 61
1011 979 1074 1065 14.)
1093 1001 1170 1044 com*

178 1079 384 1154 memorantur,
404 1093 469 1134 cum
480 1077 638 1136 llirchnero
657 1080 768 1151 quaest.
788 1074 817 1156 ς.
837 1077 882 1136 34.
901 1092 931 1151 p.
952 1075 996 1135 16.
1015 1079 1171 1152 propterea

112 1171 114 1178 ’
179 1183 256 1224 anno
274 1168 339 1226 721.
365 1167 550 1226 attribuenda
574 1170 634 1244 est,
659 1167 738 1242 quod
761 1169 794 1225 in
811 1169 870 1226 Sat.
889 1169 925 1246 2,
950 1169 978 1225 3.
1003 1183 1080 1234 anno
1104 1168 1169 1226 722.

69 1299 71 1306 .
179 1259 286 1332 scripta
297 1260 451 1316 Maecenas
469 1258 501 1316 in
513 1259 690 1316 aedificando
702 1262 859 1334 occupatus
869 1261 1008 1333 appareat
1018 1253 1063 1340 (v.
1076 1253 1169 1339 312),

178 1352 302 1424 utraque
327 1351 416 1421 igitur
440 1352 570 1424 tempore
594 1367 655 1408 non
672 1351 759 1411 nimis
782 1351 860 1408 inter
885 1367 916 1408 se
942 1349 1086 1420 disjuncta
1106 1367 1170 1408 6666

178 1442 314 1516 potuerit
352 1444 398 1500 De
412 1456 469 1514 qua
482 1458 515 1498 re
534 1440 628 1498 dicam
646 1441 729 1498 inira.
749 1441 840 1498 lnuno
858 1441 901 1498 nil
918 1431 1041 1514 impedit
1058 1440 1170 1514 quomi-

178 1549 234 1590 nus
258 1535 350 1590 totum
373 1532 480 1588 librum
497 1547 574 1590 anuo
592 1548 621 1590 u.
641 1549 666 1590 6.
686 1533 750 1592 719.
776 1533 937 1590 confectum
961 1531 1100 1588 16166661
1123 1531 1171 1588 vel
1200 1529 1201 1541 ¹

178 1621 233 1680 hoc
253 1623 300 1682 vel
319 1624 452 1698 sequenti
463 1623 567 1681 -hoc
586 1623 664 1680 enim
682 1624 714 1680 in
732 1641 764 1682 re
782 1625 894 1682 incerta
910 1622 1018 1693 largiar
1033 1653 1073 1666 -
1083 1621 1171 1695 paulo

177 1717 246 1788 post
266 1714 291 1771 1.
312 1715 476 1786 Georgicon
493 1709 603 1789 publici
617 1715 693 1785 juris
711 1716 820 1771 lactum
838 1731 903 1770 6666
922 1715 1090 1771 statuamus.
1110 1743 1148 1757 —

172 1796 174 1800 ’
252 1806 341 1877 Porro
360 1805 440 1864 idem
459 1805 582 1862 suadent
601 1805 660 1860 Sat.
681 1803 714 1878 1,
734 1804 779 1860 10.
799 1817 842 1860 vs.
863 1804 899 1860 45
919 1819 978 1878 sq.:
1026 1831 1029 1838 ·

475 1925 515 1937 ·-
533 1893 619 1958 mollo
638 1895 726 1965 atque
744 1893 870 1960 facetum

326 1984 449 2056 Virgilio
468 1985 632 2042 annuerunt
650 1982 809 2054 gaudentes
827 1999 895 2040 rure
914 1984 1066 2044 Camenae.

177 2075 253 2134 Nam
272 2091 310 2132 ex
333 2076 381 2134 bis
406 2079 527 2150 apparet
557 2075 709 2147 Virgilium
723 2075 782 2132 villo
806 2077 936 2149 tempora
955 2063 1091 2135 Bucolica
1108 2079 1172 2137 166-
1280 2143 1282 2148 ,

133 2250 137 2259 l
177 2169 241 2223 tum
266 2168 307 2224 et.
325 2168 469 2240 Georgica
500 2167 669 2244 scripsisse,
699 2167 825 2224 necdum
849 2165 1010 2226 Aeneidem
1040 2167 1172 2243 coepisse

178 2257 245 2316 stilo
264 2257 387 2330 signare.
425 2261 492 2318 Jam
511 2276 576 2316 cum
595 2259 737 2330 Georgica
755 2275 832 2318 anno
849 2274 878 2315 6.
892 2275 917 2316 6.
929 2257 993 2315 724.
1014 2257 1173 2316 absolverit

177 2351 208 2404 et
226 2351 288 2405 tum
305 2350 432 2407 Aeneidi
443 2351 637 2408 conficiendae
650 2364 769 2425 operam
781 2349 904 2426 dederit,
919 2345 1038 2408 'Horatii
1053 2351 1172 2408 satiram
1293 2347 1298 2357 ¹

177 2442 311 2510 apertum
335 2444 382 2498 est
405 2457 464 2497 non
489 2443 557 2514 post
587 2443 669 2498 illum
693 2458 801 2499 annum
826 2441 964 2514 scriptam
995 2457 1069 2497 6666.
1113 2441 1172 2498 Sed

177 2531 336 2586 antecessit
354 2530 443 2586 etiam
460 2531 583 2586 multum
599 2531 632 2586 id
650 2533 774 2602 tempus.
810 2531 887 2588 Nam
904 2530 936 2584 in
954 2546 981 2586 v.
1001 2527 1046 2585 42.
1066 2527 1172 2602 perho-

126 2621 130 2628 ‘
176 2619 297 2676 norifica
314 2619 453 2678 Pollionis
472 2619 580 2692 mentio
600 2618 743 2697 injicitur,
768 2622 801 2677 ut
819 2619 868 2693 qui
886 2621 956 2676 tunc
973 2618 1070 2693 ipsum
1087 2636 1203 2694 prae-1
1267 2655 1275 2668 ·

177 2710 371 2784 stantissimas
396 2709 561 2782 tragoedias
587 2711 743 2784 scripserit
781 2709 811 2766 Is
834 2726 905 2766 vero
927 2709 1093 2768 intermisso
1119 2711 1171 2769 ali·

177 2802 349 2876 quantisper
374 2802 501 2873 tragicae
531 2803 630 2876 poesis
659 2801 755 2858 studio
780 2817 807 2859 6.
831 2817 860 2858 6.
885 2817 923 2877 c.
937 2801 1002 2858 724.
1029 2801 1068 2859 ad
1098 2818 1172 2874 opus

177 2893 348 2950 historicum
367 2893 597 2967 componendum
616 2910 648 2974 66
668 2892 810 2968 accinxit,
831 2907 946 2970 „croco
970 2893 1073 2950 6161116
1089 2907 1172 2950 666-

178 2987 252 3044 6666
270 2987 403 3058 captata
420 2993 516 3044 66616
534 2986 712 3044 6666616161
732 2983 946 3058 descripturus,
966 2981 1031 3060 ipso
1050 2982 1171 3041 Horatio

178 3077 254 3132 16616
274 3068 338 3157 (od.
357 3075 392 3153 2,
413 3077 438 3134 l.
459 3079 494 3134 cf.
514 3076 626 3134 Weich.
647 3074 683 3132 de
694 3075 762 3132 Var.
783 3076 814 3128 et
834 3075 914 3130 cass.
934 3087 962 3144 p.
982 3064 1055 3152 53.).
1093 3074 1171 3145 Ergo

179 3167 299 3226 satiram
317 3167 362 3226 10.
382 3168 463 3242 prius
482 3170 631 3228 exaratam
656 3180 721 3223 6666
746 3165 869 3238 apparet
894 3177 980 3238 quam
1001 3163 1093 3224 Pollio
1110 3164 1171 3224 bel-

164 3475 205 3539 Υ5.
222 3475 246 3526 6.
262 3475 354 3526 Wcicb.
370 3491 394 3540 p.
412 3477 454 3526 rel.
471 3492 495 3541 p.
513 3476 618 3526 uuum
633 3475 692 3528 Var.
710 3478 735 3526 et
751 3455 820 3524 cass.
837 3490 860 3540 p.
877 3473 918 3525 lo.
936 3477 962 3524 61
977 3476 1065 3540 alibi).
1104 3470 1172 3526 Quod

179 3542 375 3606 quemadmodum
403 3558 447 3606 per
474 3537 502 3592 s'e
523 3543 663 3592 incredibile
685 3546 711 3592 et
733 3541 907 3592 subabsurdum
927 3544 966 3591 est
988 3547 1107 3592 statuere:
1135 3539 1173 3586 ita

180 3610 202 3656 sl
219 3622 265 3658 non
281 3610 379 3672 ingenio
397 3613 463 3658 certe
479 3613 533 3658 arte
548 3610 644 3658 Horatii
660 3609 789 3670 indignum.
822 3607 853 3658 V.
869 3608 939 3657 modo
956 3609 1009 3656 Sat.
1026 3607 1056 3665 1,
1072 3604 1096 3654 4.
1112 3603 1172 3654 1118.

179 3673 238 3724 139.
255 3674 280 3734 1,
298 3675 396 3725 6122.
418 3676 494 3724 Multo
515 3676 605 3724 rectius
627 3675 658 3724 de
679 3675 765 3740 studiis
782 3663 808 3724 61
823 3674 991 3738 multiplicibus
1008 3675 1060 3734 ejus
1076 3671 1171 3719 exerci-

180 3741 312 3858 1616ιὶ11916)ο
321 3742 467 3804 judicavere
483 3742 586 3792 Passer.
602 3741 646 3792 vit.
663 3757 688 3806 p.
705 3743 746 3793 dt.
763 3743 813 3793 nol.
830 3739 887 3792 117.
904 3738 1019 3791 211181.
1036 3740 1062 3788 et
1077 3737 1172 3788 Grotsl.
