2760 4588
666 249 668 254 ¹
915 247 918 262 l

538 275 746 346 ...ω-

153 450 339 526 priusquam
361 442 499 518 limatius
516 443 649 513 Augusto
672 440 807 501 hortante
832 439 928 499 denuo
951 441 1055 502 melica
1072 459 1153 502 ,carr

153 542 233 606 mina
255 537 448 612 componeret.
486 534 601 595 Verum
619 548 684 592 cum
708 535 796 605 pocta
819 532 993 590 Mantuanus
1017 533 1066 592 hic
1087 536 1141 596 six

127 705 128 712 ἵ
152 633 245 708 possit
263 626 386 698 intelligi
404 619 448 706 (v.
469 624 513 682 15.
533 627 564 682 et
581 618 662 704 26),
686 639 741 680 nec
765 623 855 680 ullum
879 623 964 696 hujus
987 623 1055 684 libri
1070 641 1143 684 vcarr·

153 738 220 780 men
238 723 306 778 ante
324 717 433 780 ι.737.
452 716 675 791 scriptumesse
699 715 750 771 aut
774 713 923 788 probabile
949 715 1001 790 sit,
1026 717 1078 772 aut
1095 715 1142 772 ar.
1180 730 1184 740 ,
1251 703 1254 712 ’

154 811 297 885 gementis
316 811 395 868 certo
404 807 506 881 possit
525 805 634 869 evincit
659 821 725 862 oum
743 803 782 863 iis
799 805 889 882 facio,
909 805 959 879 qui
977 805 1052 863 hanc
1071 821 1146 880 quo,

154 919 210 977 que
229 901 318 964 odam
332 900 413 959 intra
426 896 564 971 temporis
583 896 740 971 cancellos,
765 895 871 969 quibus
895 896 1024 970 reliquae
1049 897 1142 956 inclu-

155 1011 206 1052 sae
224 994 298 1068 sint,
318 991 454 1063 scriptam
473 991 504 1050 et
521 987 643 1058 Virgilio
660 986 761 1047 nescio
779 987 842 1062 cui,
871 987 994 1044 tortasse
1012 989 1142 1059 negotia-

156 1085 214 1146 tcri
232 1077 276 1160 (v.
296 1083 333 1143 2
345 1081 389 1144 15.
409 1081 454 1140 22
474 1067 553 1159 25.),
578 1081 612 1134 ut
636 1077 759 1142 suadent
782 1077 874 1137 schol.
902 1078 988 1152 Groq.
1014 1081 1045 1136 et
1063 1079 1157 1154 Accp

160 1174 323 1234 dedicatam
346 1189 411 1230 esse
429 1173 568 1231 statuunt.
594 1171 628 1226 ct.
648 1167 792 1246 Venderb.
812 1167 869 1226 sol.
887 1167 924 1226 Π.
944 1184 975 1241 p.
992 1169 1091 1226 390-
1092 1164 1145 1241 96.

156 1265 315 1324 obtentu
332 1263 415 1324 Seeb.
434 1262 520 1321 Jahn.
540 1263 571 1316 et
588 1260 633 1316 Κι.
653 1259 749 1316 annal.
769 1257 849 1316 1835.
868 1253 924 1318 'vot
944 1260 991 1320 15.
1011 1277 1039 1335 p.
1058 1260 1159 1318 l2.···.

155 1357 275 1420 Kirclru.
292 1355 356 1414 740.
375 1355 485 1433 Grotes.
504 1369 537 1428 p.
554 1351 618 1418 475,-
638 1350 667 1410 b.
681 1348 751 1414 lae.
812 1381 817 1414 ;
846 1381 851 1412 ι
965 1385 968 1392 »

170 1485 175 1504 f
198 1553 202 1560 ’
231 1534 416 1620 vuum
429 1535 519 1595 xva:
535 1537 700 1612 „Pbocbm
715 1537 880 1596 eoleuem’2
898 1537 966 1609 post
977 1497 1146 1594 massonum

157 1626 241 1712 (Jani
265 1632 363 1705 templ.
388 1645 477 1686 neser.
495 1645 524 1702 p.
545 1629 608 1685 213:
620 1643 662 1702 sq.
678 1628 733 1686 ⁴vit.
751 1629 821 1686 Hor.
846 1644 876 1701 p.
896 1625 976 1707 357.)
1001 1629 1148 1686 communi
1227 1653 1230 1661 ι

157 1724 219 1784 scre
235 1721 426 1796 interpretum
445 1735 587 1778 consensu
604 1721 736 1777 uelantur
763 1718 801 1778 ed
819 1735 845 1776 a.
866 1717 947 1794 744,
972 1734 1030 1793 quo
1054 1721 1146 1777 Janus

158 1811 195 1866 ab
213 1812 345 1881 Augusto
364 1811 482 1866 tertium
505 1809 620 1865 clausus
640 1809 686 1864 sit.
726 1809 814 1878 Cujus
839 1809 908 1864 sacti
932 1826 967 1865 eo
985 1811 1050 1882 ipso
1070 1815 1147 1867 anno

157 1902 309 1958 Horatium
333 1898 498 1957 meminisse
523 1897 700 1959 contendunt
723 1915 750 1956 v.
770 1899 797 1958 9.
835 1899 938 1971 Neque
962 1916 1031 1957 vero
1056 1902 1157 1958 utam·

156 1991 301 2054 rationem
318 1988 490 2061 conjecturis
509 1989 564 2045 niti
583 1991 613 2054 et
630 1988 810 2062 probabilem
833 1991 947 2046 tantum
970 2005 1036 2048 esse
1060 1992 1147 2048 conti·

157 2084 264 2158 tantur,
284 2081 337 2138 sed
354 2083 415 2136 tam
433 2081 541 2136 certam
558 2080 730 2154 firmamque
744 2095 808 2136 eam
826 2079 950 2156 habent,
978 2082 1011 2137 ut
1028 2087 1156 2140 necem

158 2175 293 2243 gemente
311 2170 632 2246 ampliusexamiueut,
656 2187 717 2232 uec,
732 2186 904 2250 quemquam
928 2188 964 2229 ea
988 2171 1025 2230 de
1043 2189 1078 2230 ro
1096 2173 1148 2230 dn-

158 2263 403 2326 biteturmu'esse
427 2260 546 2318 ommno
574 2261 733 2318 confidam.
767 2261 845 2328 Quid
869 2262 948 2335 quod
970 2263 1149 2322 Kirchnerus

157 2353 189 2409 in
208 2355 318 2428 quaest.
338 2349 366 2428 §.
386 2352 432 2408 60.
452 2369 481 2424 p.
501 2352 547 2408 31.
566 2351 757 2426 probaturus,
774 2353 955 2430 Bentlejum,
974 2355 1045 2412 dum
1063 2371 1148 2429 quar·

157 2448 220 2516 tum
237 2443 358 2502 odarum
374 2443 482 2502 librum
498 2441 575 2498 iutra
593 2457 685 2498 annos
704 2440 853 2502 738-40.
874 2445 1065 2516 compositum
1082 2463 1149 2502 esse

160 2534 285 2636 statuat,
309 2533 359 2586 aut
377 2528 563 2597 festinantius
581 2530 676 2600 egisse
695 2531 747 2585 aut
764 2530 919 2588 veritatem
936 2533 968 2591 lu
992 2550 1062 2593 suae
1086 2536 1149 2608 opi·

159 2610 254 2680 irionis
274 2620 396 2691 gratiam
415 2634 520 2692 sueque
541 2619 639 2694 deque
654 2619 802 2695 habuisse,
822 2622 1023 2690 grauissimum
1042 2628 1073 2683 et
1089 2627 1151 2700 pri-

160 2713 283 2784 marium
300 2712 500 2796 argumentum
517 2710 555 2768 ab
580 2710 671 2768 hoc
662 2727 728 2784 ipso
756 2711 881 2778 carmine
909 2715 1011 2792 petiit,
1042 2717 1158 2792 quippe.

161 2803 239 2878 quod
257 2789 534 2860 evincentem.
556 2801 695 2875 scriptum
713 2801 767 2858 sit!

213 2894 346 2972 Dignus
364 2894 493 2965 prolecto
511 2892 689 2958 inveteratus
708 2893 756 2951 hic
775 2911 871 2970 orror,
900 2911 988 2969 quem
1010 2896 1047 2954 ab
1072 2899 1152 2958 omui

161 2963 243 3060 parte
261 2982 469 3054 aggrediamur.
505 2983 716 3053 Placet·igitur
740 2984 782 3040 ιιι
806 2985 894 3042 hoc
885 3002 918 3046 m
940 2987 1005 3044 loco
1029 2990 1151 3066 versari,
1175 2977 1179 2991 ’

161 3079 195 3133 ut
213 3074 337 3148 primum
355 3073 451 3130 missis
476 3073 615 3146 temporis
640 3073 755 3130 indiciis
774 3076 935 3145 generatim
954 3078 1151 3157 molliremus,

162 3165 277 3240 quando
295 3179 411 3221 carmen
429 3164 567 3238 scriptum
587 3181 651 3221 esse
670 3163 820 3236 probabile
846 3166 900 3243 sit,
929 3168 1034 3228 deinde
1061 3172 1152 3230 misse

161 3257 212 3314 ille
229 3256 297 3313 Jani
315 3254 405 3311 clausi
423 3255 568 3326 mentione
588 3255 625 3310 dc
644 3255 763 3327 reliquis
782 3258 920 3329 temporis
939 3259 1070 3338 iudiciis,
1090 3266 1152 3320 tum

163 3346 199 3402 de
218 3347 292 3404 Jano
311 3345 428 3402 tertium
447 3345 554 3422 clauso,
567 3345 700 3420 denique
719 3346 765 3406 his
785 3347 907 3419 cognitis
927 3349 964 3413 de
982 3367 1058 3410 anno
1076 3354 1151 3411 odae

162 3436 252 3494 natali
271 3452 493 3511 exponamus.

238 3528 264 3584 1.
304 3529 376 3586 Cum
393 3527 502 3584 nullum
521 3503 611 3586 totius
629 3529 747 3586 libri4.
765 3548 881 3590 carmen
900 3534 954 3612 sit,
981 3535 1060 3608 qnod
1083 3539 1151 3610 post

163 3633 189 3673 a.
207 3617 271 3674 740.
291 3619 441 3676 exaratum
466 3634 531 3678 esse
554 3621 715 3678 luculenter
740 3627 936 3696 appareat-
953 3629 1021 3682 neris
1039 3627 1086 3682 vel
1105 3628 1151 3686 14.

163 3710 261 3780 potest
288 3708 370 3766 eda.
395 3710 459 3766 730.
488 3710 691 3783 pertinere-
652 3713 845 3786 -plcreque
876 3716 1008 3774 autem
999 3732 1031 3771 m
1059 3733 1151 3774 annos

164 3797 228 3854 737.
241 3797 286 3858 38.
299 3800 343 3858 39.
354 3802 384 3858 et
395 3801 440 3874 40.
460 3800 604 3862 incidaut.
622 3801 664 3860 nil
682 3803 786 3878 opinor
804 3805 896 3876 magis
915 3809 1150 3886 consentaneum,
