2776 4582
489 285 737 410 ·-ια-,

141 507 220 566 triae
237 503 394 582 appellatio
404 501 505 564 'indita
522 489 745 581 imperatoribus
763 501 793 577 ές
811 521 843 564 τε
860 500 947 582 τιμὴν
964 507 1014 567 καλ
1024 503 1054 582 ἐς
1064 529 1130 572 ποι

142 601 287 674 ραλνεσιν,
305 597 354 656 ἵνα
371 593 460 668 adrui
473 613 507 656 τε
522 593 593 668 τούς
609 595 788 675 ἀρχομένους
805 593 847 668 οἷς
864 599 914 656 καλ
925 593 1033 671 παῖδας
1050 599 1133 677 ἅμα-τ.
1150 655 1154 662 .

141 685 247 763 πρῖεν,
259 687 310 746 καλ
332 681 437 746 ἐκεῖνοι
456 687 541 766 ,σφᾶς
565 686 607 759 aa
624 690 674 747 καλ
692 689 822 765 πατέρας
840 681 996 760 αἰδῶνται,
1024 694 1058 748 ut
1084 693 1127 750 ait

140 778 199 837 οιο
219 779 364 854 αιτιοι,
374 779 439 854 us,
456 794 496 824 -·-
512 778 545 840 m
561 779 724 851 sufflatum
741 778 810 836 anm
828 765 943 843 emim
961 781 1025 842 τεο.
1043 781 1127 840 meo

143 869 248 926 collata
272 873 318 926 est
345 859 747 947 (8ου1σιι58.·”1“οο’.,ἰ4αο.,
771 869 822 946 ll,
847 869 892 928 25.
911 871 938 928 5.
965 871 1127 946 interprett.

142 959 266 1018 Dioni
284 961 303 1020 l.
322 959 368 1018 ed
387 961 478 1018 Stura.
501 959 558 1017 vol
576 959 625 1018 VL
643 977 671 1034 p.
690 961 735 1018 78.
753 962 813 1018 not
833 953 935 1041 128.).;
957 961 1035 1020 Jalio
1055 964 1127 1027 Cae-
1263 1021 1264 1028 ,

143 1050 202 1108 sari
221 1050 339 1107 decreta
357 1052 420 1107 erat
437 1067 464 1107 a.
483 1049 547 1108 710.
566 1043 618 1132 (ct.
641 1051 700 1110 Dic
724 1053 777 1129 44,
806 1051 832 1110 4.
861 1053 891 1108 et
919 1050 964 1109 48.
989 1052 1036 1111 dm
1062 1051 1126 1112 Liv.
1157 1065 1162 1078 “
1198 1077 1202 1085 ’

142 1140 212 1214 epit
233 1137 311 1221 116.)
328 1142 579 1214 -rmperarom
597 1157 755 1214 cognomen
773 1142 931 1216 assumpsit
949 1142 1127 1210 Octavianus

142 1247 169 1288 a.
188 1230 262 1308 725,
280 1233 416 1300 narrante
434 1231 530 1301 Dieuc
548 1231 598 1290 lib.
616 1233 670 1310 52,
690 1233 750 1292 41.τ
784 1231 963 1304 ,ταῦτάτε
1000 1229 1017 1292 δ
1048 1231 1128 1292 Καϊ-

141 1335 216 1400 σαρ,
240 1322 290 1378 καλ
314 1316 372 1380 ὅσα
395 1305 451 1398 μοι
468 1319 531 1381 άνυν
549 1321 603 1380 τοῦ
626 1323 717 1396 λόγου
742 1312 869 1398 εἴρηται,
894 1320 1017 1400 ἔπραξεν
1035 1318 1066 1382 έν
1083 1324 1130 1402 τῷ,
1182 1359 1185 1366 ·

140 1409 198 1471 έτει
216 1406 329 1490 ἐκείνῳ,
348 1400 425 1490 durgi
442 1410 477 1471 τό
495 1415 632 1488 πέμπτου
648 1411 810 1483 ὑπάτευσε,
829 1414 890 1470 aul
908 1409 971 1485 τὴν
987 1414 1054 1472 τοῦ
1070 1413 1128 1472 αὖ·

53 1501 55 1508 ’
140 1507 371 1582 τοκράτορος
389 1497 586 1576 ἐπίκλησιν
604 1498 778 1562 ἐπέθετο.
802 1501 879 1578 λέγω
903 1496 937 1561 δὲ
956 1500 992 1560 οὐ
1009 1500 1062 1578 τὴν
1079 1500 1129 1572 tul

141 1595 316 1678 sciscientes
339 1590 416 1652 κατὰ
439 1590 473 1654 τὸ
500 1592 624 1674 ἀρχαῖον
646 1587 800 1668 διδομένην
823 1593 900 1651 τισὶν
924 1587 1046 1672 (ἐκείνην
1068 1591 1128 1676 γάρ
1188 1621 1191 1625 ·

141 1681 284 1756 πολλάκις
306 1683 362 1761 μὲν
385 1685 616 1765 καὶπρότερον,
641 1683 784 1754 πολλάκις
808 1677 842 1742 δέ
865 1684 915 1742 καλ
931 1683 1055 1764 ὕστερον
1073 1684 1128 1746 ἀπ’
1253 1722 1259 1736 ·

142 1774 239 1834 αὐτῶν
257 1775 317 1836 τῶν
334 1773 427 1856 ἔργων
445 1774 563 1852 ἔλαβεν,
584 1772 661 1834 ὥστε
679 1775 777 1842 acida
794 1773 903 1834 εἴκοσιν
921 1772 1018 1852 ὄνομα
1035 1775 1137 1844 adcor

142 1865 286 1947 κράτορος
299 1865 402 1947 σχεῖν),
416 1863 511 1923 ἀλλὰ
529 1862 594 1938 τὴν
611 1863 741 1944 ἑτέραν
758 1859 822 1936 τὴν
839 1862 880 1922 τὸ
899 1861 1132 1944 κράτοςδια-,

142 1959 415 2031 σημαίνουσαν,
440 1952 543 2032 ὥσπερ
566 1951 612 2031 cpi
634 1955 727 2034 πατρὶ
745 1951 837 2012 αὐτοῦ
853 1952 899 2031 τῷ
922 1953 1062 2034 Καίσαρι,
1077 1961 1129 2017 καῖ

141 2047 204 2117 τοῖς
222 2047 311 2104 παισῑ
333 2046 383 2104 καλ
394 2047 468 2118 ,τοῖς
491 2040 620 2121 έκγδνοις
639 2039 821 2124 ,ἒψήφιστο.”
856 2045 927 2104 Tale
946 2046 1017 2120 quid
1035 2048 1127 2109 liora·

140 2138 199 2194 tius
219 2137 394 2209 significasse
412 2138 529 2208 videtur
544 2136 833 2212 principiancmiue,
852 2151 910 2210 quo
928 2152 1018 2212 praue
1036 2138 1127 2196 iuter·

140 2231 239 2304 protes
257 2228 339 2300 edunt
358 2228 550 2286 Octavianum
574 2245 651 2286 anuo
677 2228 793 2286 demum
811 2227 874 2287 726.
892 2231 1027 2286 ornatum
1051 2247 1135 2296 esse„

141 2321 206 2388 Quo
230 2335 306 2377 auno
328 2323 470 2394 princeps
492 2328 619 2380 εονοοαο
645 2319 830 2378 renunciatus
849 2321 904 2378 'est
931 2314 1077 2401 (Dicbd,
1099 2322 1126 2380 1.

140 2409 299 2489 πράκριτος
316 2410 368 2482 τῆς
385 2413 541 2488 γερουσίας
559 2406 733 2488 ἐπεκλήθη.)
758 2413 789 2467 et
813 2427 956 2476 summum
972 2411 1127 2483 imperium

141 2502 236 2560 denuo
262 2500 385 2572 sumpsit
407 2501 552 2556 referente
576 2501 672 2556 Dione
691 2499 744 2574 53,
765 2500 826 2556 11.:
852 2501 959 2576 ,μέχρι
977 2490 1013 2555 οὗ
1028 2519 1127 2573 ,κατη-

140 2593 292 2665 νάμκασαν
316 2584 409 2660 δῆθεν
432 2585 524 2645 αὐτὸν
547 2585 758 2665 αὐταρχῆσαι.”
793 2588 928 2662 Denique
945 2605 1005 2646 non
1022 2589 1128 2648 mirum

141 2684 187 2740 est
212 2679 290 2755 quod
315 2677 490 2736 Octavianus
515 2681 652 2753 tanquam
677 2678 748 2736 deus
773 2679 936 2738 celebratur
958 2679 990 2737 in
1013 2681 1126 2738 Horatii

141 2773 277 2831 carmine.
307 2768 554 2838 Quemadmodum
567 2771 643 2826 enim
657 2768 719 2840 Jam
737 2787 764 2826 a.
783 2769 847 2827 724.
859 2770 897 2838 ,οἱ
914 2771 1047 2844 publicae
1066 2763 1131 2845 pri-³

140 2867 282 2937 ramoque
299 2860 455 2919 libationes
478 2860 614 2932 decretae
628 2863 721 2930 [eraut
745 2854 820 2943 (Dic
837 2861 891 2938 51,
911 2862 955 2919 19.
975 2863 1029 2919 lim
1040 2862 1137 2928 Ouid,-

140 2956 220 3019 Fast
239 2953 275 3029 2,
293 2946 390 3036 637.);
414 2951 458 3007 ita
475 2949 547 3024 ipsis
567 2951 683 3018 (laland.
702 2954 767 3009 Jan
793 2969 820 3010 a.
839 2952 921 3030 725,
947 2953 1065 3010 simulac
1089 2951 1136 3019 de,

56 3101 59 3109 ,
140 3043 282 3104 Parthicis
306 3043 393 3100 rebus
420 3042 668 3118 nuntiatumest,
700 3043 858 3118 sancitnm,
889 3045 922 3098 ut
945 3043 977 3099 in
1000 3043 1136 3114 hyrmos,
1176 3048 1179 3053 '

136 3137 224 3208 Juxta
248 3151 313 3191 curu
337 3133 400 3205 diis
417 3131 627 3190 immortalibus
655 3132 867 3189 adscriberetur
891 3125 964 3210 (Dio
982 3133 1035 3209 51,
1054 3127 1124 3215 aa).

140 3227 213 3286 Inde
233 3223 338 3296 corrigi
357 3223 479 3301 debant,
505 3239 580 3298 quaa
603 3221 748 3282 vanderb.
768 3222 885 3297 scripsit
908 3223 946 3280 ad
965 3223 1010 3282 cd
1030 3223 1059 3301 3,
1077 3224 1135 3282 25.

139 3318 196 3376 vol.
215 3315 252 3374 IL
271 3333 301 3390 p.
322 3315 385 3373 174.

215 3408 312 3475 Quare
337 3409 389 3463 aut
415 3407 512 3464 omnia
537 3409 639 3465 fallunt
667 3410 718 3465 aut
744 3406 882 3465 Horatius
907 3406 962 3465 hcc
986 3407 1124 3483 cannino,

141 3501 192 3557 cut
210 3502 247 3557 dc
263 3501 415 3556 industria
430 3501 563 3570 primam
579 3503 613 3557 ira
631 3516 713 3558 αοοο
730 3501 845 3575 εμλλοςο
861 3501 962 3558 sedem
980 3503 1125 3572 οεάροο-

142 3591 198 3665 uit,
222 3593 354 3662 μάνοαοι
386 3588 504 3646 caesari
524 3589 693 3646 ¹Octaviano
723 3580 873 3647 iusmutata
900 3588 990 3646 animi
1018 3585 1123 3662 studio,

143 3677 214 3752 quin
237 3680 326 3738 etiam
349 3693 476 3736 amorem
499 3694 588 3735 ‘suum
616 3681 646 3734 et
675 3682 804 3739 lacerem
827 3681 923 3754 palam
947 3677 1138 3735 contestatus'

142 3771 204 3846 est,
231 3772 294 3826 tum
321 3787 386 3828 cum
411 3769 535 3828 Romani
563 3770 705 3843 superatis
723 3771 850 3828 Antonio
874 3772 905 3827 et
924 3767 1076 3840 Cleopatra
1093 3766 1125 3822 in
1205 3817 1214 3836 ¹.

143 3860 205 3919 solo
224 3859 382 3920 Octaviam
400 3877 469 3921 mcx
492 3877 531 3921 ax
555 3860 675 3919 Oriente
699 3861 829 3946 redituro
854 3873 937 3933 spem
959 3856 1124 3916 labelaetati

146 3957 147 3962 ’
894 3950 931 4006 lb
