2760 4588
499 255 500 262 Ν
598 301 833 387 *ιιι-ῃ

190 525 192 532 .
243 462 341 526 aruit?
359 463 421 526 sed
442 473 474 526 tu
494 463 565 526 mibi
584 463 656 528 illud
677 466 753 548 quod
773 466 810 527 ab
831 464 1074 548 boc.'proxlmum
1094 487 1214 532 carmen

177 641 180 660 1
242 580 289 633 est
319 570 525 650 considerato,
544 568 681 634 -‘Pastor
712 553 777 636 bum
798 569 951 634 traberet'.
980 572 1012 634 iel
1039 594 1105 650 cum
1126 595 1213 639 nemo

240 676 353 740 dubitet
386 678 456 760 quiin
482 688 576 741 toturn
605 698 646 742 ex
674 677 792 743 Graeco
826 679 942 741 ductum
972 679 1005 741 in
1036 694 1211 763 argumento

238 783 306 845 ficto
328 796 486 864 versetur,
514 805 614 848 nonne
642 786 722 849 dices
744 785 894 870 probabile
917 805 986 848 esse
1007 797 1124 869 poetam
1144 789 1210 872 ipso

237 890 302 953 loco
323 890 377 953 boc
400 913 522 954 carmen
543 893 675 959 eiusdem
704 891 782 954 modi
813 913 881 955 esse
902 893 1034 955 indicare
1055 894 1210 958 voluisse?

236 996 332 1060 simile
353 998 508 1061 artificium
528 998 559 1061 in
581 999 692 1062 duabus
722 999 854 1083 epistolis
884 996 932 1080 Π,
955 999 1005 1065 13.
1029 999 1209 1082 14]·obser-
1245 1056 1247 1061 .

235 1098 341 1184 babis,
372 1125 444 1187 quas
465 1115 548 1168 recte
571 1105 643 1169 dicis
667 1105 710 1190 [p.
734 1103 817 1188 205]
831 1107 868 1169 ad
890 1126 942 1170 eos
958 1121 1029 1169 ‘non
1056 1109 1207 1191 pertinere

234 1211 338 1294 quibus
359 1211 519 1295 inscriptae
541 1223 620 1302 sunt.

314 1339 378 1408 Cur
398 1364 472 1407 vero
492 1343 563 1408 illud
591 1344 687 1428 ipsum
713 1365 833 1408 carmen
870 1343 991 1409 ‘Pastor
1019 1332 1085 1408 cuni
1105 1341 1204 1409 trihe-

230 1449 288 1513 ret’
317 1451 509 1534 praeteristi?
535 1452 605 1515 mihi
627 1463 709 1515 certe
730 1453 785 1515 boc
806 1453 885 1515 inter
905 1452 1000 1536 prima
1020 1467 1095 1534 qnae
1116 1464 1204 1538 poeta

229 1558 351 1620 tentarit
382 1559 476 1622 fuisse
497 1553 550 1622 'ex
579 1559 633 1620 illo
660 1579 753 1648 versu
780 1559 899 1623 videtur
932 1579 1076 1643 apparere
1113 1559 1211 1643 ‘ignis

227 1661 334 1728 Iliacas
356 1663 479 1727 domos’.
504 1665 649 1728 adicerem
667 1663 770 1728 eadem
791 1665 911 1730 licentia
941 1665 1088 1748 insignem
1110 1665 1201 1729 ‘Teu-

227 1790 279 1833 cer
301 1781 331 1833 et
353 1763 513 1835 Sthenelus
535 1770 656 1850 sciens,
685 1771 744 1835 nisi
764 1773 946 1836 vetustiores
968 1772 1036 1835 libri
1056 1773 1200 1836 haberent

88 1959 89 1966 ἵ
142 1929 145 1934 .
227 1877 359 1941 ‘Teucer
390 1876 441 1940 te'.
472 1878 543 1941 talia
572 1879 649 1942 enim
676 1879 805 1942 nondum
830 1875 982 1963 perfectae
1010 1879 1083 1942 artis
1112 1880 1200 1942 docu-
1249 1969 1251 1978 Ι

197 1996 325 2077 ‘menta
346 1984 488 2068 quaedam
509 1985 666 2049 Horatium
688 1985 789 2050 delere
810 1985 943 2050 noluisse
965 1986 1024 2049 alio
1052 2003 1198 2050 memora-

224 2091 279 2154 bili
305 2094 442 2176 exemplo
464 2094 571 2156 docere
592 2115 722 2177 possum.
893 2169 896 2175 ‚

303 2197 339 2262 In
361 2221 397 2263 eo
417 2221 558 2264 versuum
579 2211 741 2285 systemate
763 2200 839 2283 quod
861 2200 890 2263 ei
910 2220 981 2284 prae
1003 2185 1113 2266 ceteris
1134 2201 1197 2283 pla·
1220 2275 1221 2278 Ἴ

222 2305 320 2368 cuisse
340 2306 486 2385 videmus,
509 2309 595 2370 colon
616 2307 735 2370 tertium
755 2318 823 2392 post
843 2307 973 2390 quintam
994 2307 1137 2392 syllabam
1160 2325 1196 2370 ea

143 2443 145 2450 ⁴
222 2412 393 2477 condicione
420 2413 559 2494 inciditur
586 2425 619 2478 ut
646 2425 735 2478 sexta
761 2424 864 2481 teneat
891 2413 1065 2482 vocabulum
1093 2435 1195 2477 mono·
1241 2461 1243 2466 -

219 2520 377 2606 syllabam»,
400 2520 455 2584 boc
477 2523 575 2601 modo,

119 2705 121 2713 Α
142 2692 144 2700 .
367 2628 486 2711 excepit
505 2625 811 2712 ictuslprolpudicis.
1055 2696 1059 2708 ¹

142 2765 146 2778 =
217 2734 274 2797 boc
295 2735 326 2797 in
347 2735 517 2800 cultissimis
545 2734 723 2800 carminibus
752 2743 872 2797 secutus
901 2745 966 2814 est,
999 2715 1134 2818 negleirit
1160 2734 1191 2796 iu

90 2877 91 2885 ι
146 2845 149 2894 ἰ
218 2841 408 2932 quibusdam,
438 2861 512 2924 quae
534 2857 587 2904 cur
609 2841 820 2926 omnin,primo
843 2851 874 2904 et
894 2841 1022 2904 secundo
1049 2839 1130 2903 libro·
1145 2840 1191 2902 in·
1214 2845 1217 2850 '

34 2957 35 2964 ’
146 2933 150 3001 ἶ
217 2944 347 3012 seruerit
366 2949 464 3011 miror·
478 2969 573 3032 neque
595 2960 706 3012 certam
727 2969 846 3012 causam
866 2946 996 3030 reperio,
1020 2947 1074 3009 secl
1088 2966 1190 3009 eorum

216 3056 374 3118 maximam
385 3067 498 3140 partem
519 3077 560 3120 ex
580 3056 638 3120 tuis
650 3053 814 3119 ratio'nibns
830 3053 1074 3143 primo'triennio
1096 3053 1189 3136 scrip·

216 3163 256 3226 sit
276 3184 317 3227 ex
337 3185 393 3246 quo
415 3164 547 3227 carmina
577 3164 672 3248 lyrica
699 3163 796 3247 coepit
817 3162 957 3224 condere.
988 3160 1073 3223 huius
1104 3160 1187 3222 incu-

214 3269 278 3332 riae
301 3269 437 3353 exemplo
457 3292 563 3355 ponam
585 3271 653 3350 duo,
676 3281 709 3332 ut
728 3255 939 3352 intellegantur
960 3267 1086 3357 species.

360 3387 481 3440 cantare
502 3379 585 3442 rivos
597 3377 601 3462 l
613 3388 700 3459 atque
711 3375 716 3460 l
727 3375 850 3439 truncis.

360 3481 438 3545 nodo
460 3483 753 3567 coerceslviperino.
878 3517 890 3550 1
950 3533 952 3544 .

213 3591 343 3656 carmina
365 3600 463 3652 autem
483 3589 514 3652 in
536 3590 640 3672 quibus
662 3589 708 3652 bis
730 3589 832 3653 formis
853 3611 925 3653 usus
947 3584 1087 3651 estbaeo
1102 3593 1182 3648 sunt.

211 3697 280 3760 libri
300 3697 386 3782 primi
405 3694 494 3762 XVI.
517 3693 640 3761 XXVI.
663 3694 788 3762 XXIX.
811 3691 952 3772 XXXV,
974 3691 1041 3757 libri
1063 3685 1185 3755 secundi

211 3802 237 3867 1.
260 3803 317 3868 Ill.
341 3801 431 3868 XIII.
454 3801 544 3872 XIV.
567 3800 659 3866 XIX.
702 3821 705 3831 ·
837 3789 841 3796 ⁴
