2792 4576
619 287 829 350 uuum—n

230 447 323 504 brom
341 445 469 506 civilium
487 445 638 506 historiam
656 449 1013 510 conoexeremordiretur.
1052 451 1135 510 Nunc
1154 469 1219 514 cum

230 537 372 610 Georgica
390 555 467 598 anno
485 538 600 608 demum
618 555 647 600 u.
667 560 690 602 c
712 543 775 600 724.
794 543 842 598 vel
859 542 944 600 initio
969 543 1115 616 sequentis
1134 543 1219 601 abso·

227 630 289 688 luta
308 631 383 708 sint,
408 645 528 690 necesse
552 635 599 690 est
622 636 673 692 aut
690 633 920 708 Bucolico-cola
944 632 1087 708 prodiisse
1100 636 1217 692 statuas

228 737 263 778 eo
287 725 418 796 tempore
443 737 501 797 quo
525 723 663 782 Horatius
685 725 798 799 „molle
822 730 913 799 αιφιιο
933 723 1068 797 facetam
1094 725 1218 800 iirpilio

230 815 381 872 &monac
398 829 472 872 mre
489 819 658 916 pendentes
684 815 851 874 anumsffl
876 816 993 891 scripsit
1011 809 1069 898 (its
1087 809 1215 878 Massdn.

225 905 276 962 vit.
301 919 330 977 p.
358 903 420 962 158.
429 899 465 984 ),
492 908 543 964 aut
567 889 639 962 hirec
668 906 699 960 ct
724 904 893 980 ttecryicon
924 911 1059 983 aliquam
1086 913 1214 979 partera.

224 995 327 1054 Utrum
344 997 443 1053 verius
461 995 517 1073 sit,
538 997 622 1054 tacite
641 993 827 1075 diJudicabit,
852 998 903 1073 qui
928 1015 1040 1058 meeum
1063 995 1216 1054 Horatium

223 1088 255 1148 iu
279 1087 373 1161 prima
403 1087 493 1145 satire
516 1086 706 1157 virgilianum
732 1088 828 1146 locum
858 1092 925 1146 ante
954 1091 1052 1148 oculos
1079 1087 1216 1145 habuisse

223 1177 439 1236 existimaverit.
477 1177 552 1240 Nam
575 1179 610 1238 ut
634 1178 666 1235 in
689 1179 783 1252 prima
807 1179 984 1241 finem'libri
1002 1181 1037 1240 1.·
1053 1180 1216 1250 Georgicon

222 1269 408 1352 aliquatenus¹
428 1268 587 1345 expressit,
612 1268 655 1325 ita
679 1269 711 1326 in
736 1271 850 1346 epilogo
874 1271 956 1346 libri,
986 1269 1055 1330 dum
1079 1267 1215 1326 blandam

220 1360 400 1434 poeticorum
427 1347 541 1434 Virgilii
572 1359 732 1418 studiorum
760 1365 936 1421 mentionem
963 1360 1047 1436 iacit,
1079 1358 1214 1416 Bucolica

221 1455 252 1510 et
271 1453 297 1510 1.
318 1453 482 1525 Georgicon
499 1451 649 1526 volumen,
675 1453 754 1527 quod
773 1455 865 1510 solum
884 1452 1047 1527 prodierat,
1073 1450 1212 1524 respexit.

220 1543 317 1602 Solum
341 1548 439 1601 autern
464 1543 489 1601 1.
516 1542 680 1612 Georgicon
709 1544 845 1600 volumen
873 1543 981 1617 publici
1006 1541 1082 1612 jnris
1106 1543 1213 1600 iactum

218 1635 308 1696 tuisse
327 1637 389 1690 tum
408 1649 473 1690 cum
491 1631 572 1706 prior
584 1632 1052 1708 Sermonumlibereurlgabarur,
1071 1649 1107 1690 eo
1120 1632 1212 1704 magis
1328 1635 1330 1640 ‘

218 1724 346 1782 adducor
356 1727 390 1780 ut
408 1723 534 1800 credam,
554 1739 612 1798 quo
630 1724 907 1799 probabilioremihi
926 1724 1028 1782 videor
1047 1724 1213 1796 conjectura

217 1815 417 1891 perspexisse,
446 1815 610 1886 Georgicon
630 1815 776 1872 'volumen
792 1817 829 1872 il.
861 1818 929 1890 post
956 1815 1067 1872 editum
1095 1815 1211 1873 demum

215 1905 321 1970 libram
340 1907 509 1964 Sermonum
525 1905 549 1964 1
569 1905 746 1980 publicatum
765 1922 839 1964 esse.

291 1998 526 2071 Quotiescunque
546 1997 624 2053 enim
635 1997 857 2072 pulcherrimam
868 1995 1022 2054 felicitatis
1041 1945 1211 2070 descriptio·

214 2103 283 2147 nem
306 2090 384 2146 vitae
408 2088 567 2145 rusticae
558 2105 591 2144 ιιι
608 2089 687 2160 Virg.
713 2091 818 2159 Georg.
837 2088 903 2145 libr.
922 2087 959 2144 IL
979 2104 1007 2142 v.
1027 2085 1083 2142 458
1102 2102 1144 2158 sq
1164 2102 1210 2142 re

214 2181 294 2251 lego,
319 2179 396 2235 ιιιίιιι
409 2180 571 2252 temperare
589 2195 650 2237 non
673 2195 791 2253 possum
816 2178 887 2250 quin
904 2175 1052 2247 Virgilio
1043 2191 1075 2230 ιιι
1094 2190 1209 2248 compo·

215 2269 321 2327 sitione
344 2271 376 2326 et
400 2270 487 2344 primi
509 2287 610 2327 versus
636 2273 666 2327 et
689 2270 779 2326 totius
803 2267 862 2325 loci
881 2267 999 2324 satiram
1016 2265 1132 2322 Horatii
1149 2265 1209 2338 pri·

214 2375 292 2418 ruam
309 2361 576 2419 obversatamresse
594 2363 703 2436 putem.
740 2361 776 2417 ln
800 2375 861 2433 qua·
876 2375 942 2418 cum
960 2358 1132 2433 quaeratur,
1157 2353 1208 2429 qui

213 2453 279 2532 fiat,
298 2455 332 2510 ut
349 2469 435 2511 nemo
455 2455 532 2511 sorte
546 2454 763 2511 suecontentus
775 2451 874 2528 vivat,
893 2450 1090 2525 probaturque
1109 2463 1207 2504 exem·

213 2545 286 2621 plis,
311 2547 465 2620 plerosque
483 2561 600 2622 omnes,
625 2544 762 2622 militem,
791 2547 997 2620 mercatorem,
1018 2539 1208 2613 jurisconsul-

214 2639 291 2711 tum,
317 2636 472 2706 agricolam
494 2637 613 2694 laudare
638 2637 760 2693 aliorum
779 2635 933 2694 lrominum
957 2638 1116 2692 fortunamc
1141 2628 1207 2710 quis

213 2741 267 2800 pro
285 2725 388 2782 intima
406 2727 556 2800 utriusque
575 2730 680 2802 poetae
698 2727 895 2786 familiaritate
914 2730 1008 2800 etpro
1021 2722 1127 2796 studio,
1146 2733 1205 2792 qno

212 2817 446 2892 Virgilius'haud
465 2817 551 2874 dubie
569 2819 685 2877 Horatii
704 2821 811 2893 scripta
834 2819 921 2893 legit,
947 2815 984 2871 ab
1003 2811 1082 2868 omni
1100 2809 1205 2884 proba·

212 2909 325 2968 bilitate
352 2909 488 2968 recedere
518 2909 609 2988 dicut,
640 2911 665 2968 si
694 2910 846 2987 statueris,
875 2906 1065 2962 Mantuanum
1088 2903 1204 2975 poetam

212 3001 290 3058 ritae
307 3002 433 3060 rusticae
452 3001 625 3060 suavitatem
642 3004 674 3060 et
695 3002 887 3059 emolumenta
899 2994 1110 3066 descripturum
1127 2992 1217 3049 bene

213 3107 367 3152 memorem
385 3095 475 3152 luisse
494 3095 676 3168 querelarum
693 3092 845 3153 Horatiani
862 3087 947 3146 istius
970 3083 1128 3162 agricolae,

359 3214 398 3228 -
416 3188 496 3244 dces
513 3189 643 3246 cudibus
660 3189 714 3261 oui
730 3201 805 3243 rure
821 3184 978 3239 eunocum
995 3179 1029 3236 io
1046 3178 1152 3235 urbem

359 3276 446 3334 Soles
462 3274 565 3348 [elices
583 3282 716 3336 cicentes
734 3277 847 3332 clamat
863 3275 897 3330 irs
914 3275 1004 3344 crde,

213 3367 244 3421 et
262 3367 322 3422 tum
340 3366 534 3441 ponderosum
551 3369 667 3426 initium
684 3381 786 3420 versus
805 3363 885 3420 ise:
1029 3371 1031 3376 '

353 3456 405 3534 „0
419 3454 596 3528 solonates
613 3458 757 3531 sinuum,
775 3471 836 3514 arce
852 3459 881 3515 aa·
899 3456 979 3516 dono
997 3459 1107 3534 ποιιιιι,

357 3546 546 3622 Apricolcffl
906 3585 910 3592 »

212 3635 249 3693 ιιι
273 3637 345 3698 illud
368 3638 497 3698 Horatii:
522 3639 573 3716 „0
593 3635 744 3712 fortunati
766 3637 969 3698 mercatorea’i
992 3637 1197 3718 composuisse,

197 3730 274 3803 ,tum
291 3731 388 3788 verbis
401 3747 484 3807 ,pue
501 3734 530 3789 ci
547 3731 628 3789 dotto
644 3732 766 3790 coriffl'
789 3733 880 3788 totam
904 3730 1093 3807 seutentiam,
1111 3744 1198 3805 quam

210 3818 348 3882 Horatius
375 3821 526 3887 iusiusin
554 3822 643 3885 satira
670 3821 764 3897 prime
791 3820 940 3902 ιιιιιιιιιι,
968 3820 1000 3895 iu
1023 3823 1103 3882 reeta
1127 3837 1197 3881 suae
