2792 4576
660 364 702 377 ..
743 311 786 398 36
826 367 868 378 ..

271 493 422 554 consilinm
446 492 594 569 scriptoris
620 494 650 550 et
674 497 797 554 tractata
815 488 1001 574 materia¹’).
1038 493 1113 564 Item
1130 496 1260 568 epilogus

270 586 379 661 triplex
403 603 467 644 esse
492 587 598 658 potest.
637 585 699 642 Aut
723 587 800 642 enim
825 583 1022 641 defensionem
1048 583 1141 642 libelli
1167 589 1259 643 conti·
1365 581 1372 593 '

220 745 222 754 y
270 680 320 736 net
334 672 395 758 ¹⁸),
420 677 471 732 ant
494 675 615 758 brevem
637 676 715 732 vitae
739 674 986 731 adumbrationem
1001 668 1062 754 ¹')‚
1087 677 1138 731 aut
1161 691 1258 732 merae

270 767 412 827 clausulae
438 768 468 823 et
493 763 670 839 perorationi
694 761 881 842 inserviam).
921 765 979 821 Sed
1002 765 1099 821 variae
1119 765 1258 841 bae'pro-

269 858 428 916 oemiorum
453 858 484 912 ct
507 847 687 930 epilogorum
712 853 824 926 speeies
848 857 960 912 tantum
985 856 1068 914 abest
1092 857 1125 910 ut
1150 859 1258 912 certam

200 948 202 956 '
271 949 395 1021 aliquam
419 949 530 1020 usuque
557 946 696 1002 sancitam
720 945 840 1004 sormam
859 945 999 1024 habeant,
1024 949 1058 1003 ut
1074 945 1154 1024 nulla
1170 947 1257 1019 plane

269 1037 333 1109 lege
352 1037 507 1095 adstrictae
527 1034 753 1092 diversissimam
766 1050 907 1110 quamque
919 1038 1041 1095 induant
1060 1038 1089 1096 et
1107 1051 1160 1110 pro
1179 1036 1256 1093 arbi-

260 1131 346 1185 tratu
365 1129 395 1184 et
414 1126 533 1183 consilio
552 1127 656 1199 poetae
677 1128 896 1184 conformentur.
935 1129 1020 1194 Quod
1038 1127 1113 1184 bene
1127 1126 1189 1198 jam
1207 1144 1256 1183 ve·

260 1223 316 1274 tus
334 1218 450 1275 Sobel.
468 1217 616 1292 Porphyr.
629 1217 779 1273 annotavit
792 1217 829 1274 ad
843 1218 927 1291 epist.
942 1219 975 1295 1,
989 1217 1035 1274 20.
1047 1218 1109 1274 his:
1129 1219 1256 1293 „Mirum

269 1310 315 1364 eet
339 1308 413 1364 bano
437 1307 613 1364 locutionem
637 1305 714 1363 inter
740 1308 878 1380 epistolas
902 1309 988 1386 poni,
1016 1324 1081 1364 cum
1104 1306 1256 1380 nequead
1305 1325 1307 1336 ·

268 1399 418 1457 absentem
442 1415 536 1474 neque
561 1397 599 1454 a‘d
623 1401 806 1468 praesentem
831 1400 976 1456 hominem
1001 1397 1108 1469 scripta
1126 1397 1179 1473 sit,
1197 1396 1256 1454 nisi

269 1492 337 1567 quia
355 1494 502 1564 receptum
527 1491 582 1544 ese
595 1489 624 1542 et
646 1491 797 1560 principia
821 1492 851 1544 et
872 1489 950 1559 fines
973 1489 1006 1546 in
1023 1488 1154 1546 omnibus
1172 1487 1255 1544 libris

267 1585 384 1640 nullius
408 1584 481 1653 lepis
502 1575 642 1648 formula
666 1582 818 1658 contineri.
856 1579 940 1635 Unde
959 1581 1001 1636 sio
1019 1580 1132 1636 Lucret.
1153 1577 1256 1651 incipit

267 1672 391 1744 primum
418 1669 577 1741 Epicureae
604 1670 701 1724 sectae
727 1668 851 1745 librum,
887 1670 929 1726 sic
957 1671 1094 1741 Virgilius
1115 1673 1256 1742 ¹quartum
1339 1741 1343 1754 .
1389 1679 1390 1690 ¹

268 1759 502 1830 Georgicorum.''
539 1758 664 1816 Proinde
688 1775 747 1816 non
772 1777 807 1816 ea
829 1763 942 1818 tantum
965 1764 1100 1834 poemata
1123 1761 1171 1816 vel
1188 1776 1255 1833 pro·

260 1851 362 1908 ‚oemia
384 1852 432 1908 vel
456 1849 564 1924 epilogi
582 1849 722 1906 *habenda
745 1853 829 1926 sunt,
863 1867 937 1924 quae
961 1855 1023 1908 tota
1047 1851 1255 1926 compositione

267 1943 343 2000 hunc
361 1943 458 2016 ipsum
476 1941 562 1996 finem
580 1943 680 2014 aperte
699 1957 769 2016 prae
789 1943 950 2018 scierunt,
970 1945 1004 1999 nt
1021 1943 1091 2000 Hor.
1111 1942 1157 1998 od.
1179 1942 1206 2017 1,
1227 1942 1253 1997 l.

266 2033 300 2112 3,
320 2036 366 2091 30.
387 2034 471 2106 epist
493 2033 526 2106 1,
545 2031 609 2106 20.‚
640 2031 692 2087 sed
711 2047 747 2087 ee
766 2032 869 2107 etiam,
888 2034 1042 2107 inquibus
1061 2034 1138 2090 idem
1150 2036 1254 2107 poetae

266 2125 417 2180 consilium
435 2122 539 2177 tectius
557 2121 648 2177 veluti
673 2122 821 2177 involucro
833 2135 835 2144 ·
846 2123 1030 2180 obscuratum
1047 2124 1126 2178 latet.
1165 2123 1254 2193 Cujus

266 2212 380 2282 generis
405 2227 523 2284 prorsus
549 2210 674 2280 insignia
699 2213 766 2265 sunt
791 2213 923 2284 exempla
947 2213 1025 2285 apud
1048 2212 1144 2284 ipsum
1162 2213 1253 2269 Hora-

265 2300 403 2358 tiumod.
423 2301 458 2375 4,
479 2300 504 2355 1.
525 2300 608 2375 etl,
635 2300 678 2356 15.
701 2300 807 2376 satl,
829 2301 854 2357 l.
875 2304 906 2356 et
924 2303 1007 2374 epist.
1029 2303 1062 2378 l,
1083 2303 1109 2359 l.
1148 2304 1253 2369 Quale-

265 2408 378 2467 cnnque
405 2392 493 2463 igitur
518 2390 549 2445 in
568 2389 709 2460 ejusmodi
726 2392 869 2463 poematis
887 2395 1086 2464 argumentum
1103 2396 1253 2470 tractatur,

264 2484 351 2542 modo
375 2499 412 2539 ne
437 2484 523 2555 plane
549 2497 567 2537 a
590 2481 646 2537 fine
671 2482 839 2558 abhorreat,
866 2485 965 2561 aptum
979 2483 1168 2554 judicandum
1186 2485 1252 2561 erit,

265 2592 323 2649 quo
335 2575 422 2648 poeta
440 2577 489 2629 aut
504 2572 615 2643 justum
633 2573 706 2629 libro
719 2573 898 2647 prooemium
910 2576 1075 2648 praefixerit
1084 2579 1134 2632 aut
1143 2576 1252 2632 exitum

265 2662 462 2721 subnexuerit.
501 2663 586 2729 Quod
605 2664 704 2724 stabim
725 2663 801 2720 cadit
819 2664 851 2720 in
870 2667 989 2730 satiram
1006 2666 1028 2724 1.
1048 2667 1177 2738 primam.
1216 2665 1251 2720 In

264 2770 323 2829 qna
342 2751 531 2809 etiamsinon
550 2753 657 2809 diserte
682 2757 784 2830 pocta,
809 2756 888 2828 ¹quod
911 2757 1008 2811 inesse
1025 2755 1127 2810 vellet:
1152 2755 1250 2830 „Tibi³

264 2845 435 2918 Maecenas,
460 2842 537 2898 hunc
560 2842 688 2900 libellum
713 2844 877 2902 dedicatum
894 2845 1146 2916 consecratumque
1165 2846 1250 2902 volo'’

266 2933 483 3005 significaverit:
507 2934 604 2988 tamen
630 2936 659 2988 et
683 2935 816 2992 materies
836 2938 866 2992 et
884 2933 1016 2990 tractatio
1035 2932 1175 3003 ejusmodi
1194 2939 1249 3012 est,

265 3025 328 3096 ejus
346 3027 380 3082 ut
397 3025 548 3086 consilinm
567 3025 641 3080 clare
657 3028 803 3097 appareat.
841 3026 1049 3094 Argumentum
1066 3026 1124 3082 tale
1143 3029 1197 3101 est,
1217 3030 1250 3082 nt

265 3117 374 3172 nullum
385 3117 521 3189 'potuerit
538 3117 686 3190 prooemio
705 3116 801 3190 aptius
820 3114 895 3183 eligi.
934 3115 1045 3172 Tnetur
1069 3119 1155 3189 poeta
1178 3133 1248 3190 poe-

266 3205 313 3262 sin
337 3223 426 3263 suam.
466 3207 554 3278 Cujus
573 3225 638 3264 oum
656 3207 767 3264 indoles
786 3207 816 3262 in
841 3220 876 3261 eo
901 3204 957 3266 sita
984 3206 1038 3283 sit,
1062 3209 1095 3264 ut
1112 3223 1248 3280 perversa

331 3463 375 3528 17)
391 3464 502 3527 Propert.
519 3466 548 3526 2,
565 3464 589 3514 1.
605 3464 665 3511 Hor.
682 3438 734 3511 Sat.
752 3465 779 3523 2,
797 3463 820 3513 1.
918 3491 921 3508 .

329 3545 375 3611 ia)
391 3546 501 3610 Propert.
518 3549 550 3606 2,
567 3548 608 3597 25.
626 3544 697 3593 Ouid.
714 3545 793 3595 Amor.
810 3545 840 3606 1,
857 3547 898 3597 15.
914 3548 974 3596 Hor.
990 3549 1044 3596 Sat.
1061 3547 1091 3608 1,
1108 3547 1148 3598 10.

328 3629 375 3694 10)
391 3628 501 3692 Propert.
523 3628 552 3687 1,
575 3628 615 3676 22.
637 3626 705 3689 Virg.
730 3628 819 3692 Georg.
843 3630 872 3689 l,
888 3630 946 3681 002.
973 3629 1047 3680 Ouid.
1063 3631 1143 3680 Amor.
1160 3632 1187 3690 2,
1205 3630 1245 3681 15.

263 3697 347 3745 Horat.
364 3696 433 3760 epist
451 3695 478 3754 l,
495 3696 537 3745 20.

329 3779 375 3841 20)
391 3777 462 3826 Orici.
477 3791 572 3826 arsam.
590 3776 618 3835 1.
635 3776 691 3826 771.
708 3777 738 3835 2,
755 3778 804 3828 722
821 3793 856 3840 tq·
873 3780 897 3837 2,
913 3775 961 3830 809
973 3795 1009 3842 aq.
1021 3780 1118 3830 Metam.
1130 3778 1170 3839 15,
1186 3779 1244 3830 871.

264 3843 330 3896 rant
346 3844 375 3903 1,
392 3844 634 3907 neuselingun
651 3841 754 3906 θεοῖς..
771 3844 856 3892 Horat.
874 3845 943 3909 epist.
961 3845 989 3912 1,
1006 3847 1047 3896 20.
1063 3846 1102 3895 od.
1119 3849 1143 3906 2,
1160 3848 1201 3896 20.
