2792 4576
516 1285 518 1290 .
566 1157 694 1326 Cap.=
710 1206 802 1296 Ill.

305 1395 342 1450 lla
358 1365 467 1464 tempore
483 1413 530 1464 qno
548 1397 640 1466 epodon
657 1397 719 1449 iiber
734 1397 839 1462 rorlpiue
855 1401 881 1449 et
898 1395 977 1450 editur
993 1365 1078 1450 uana'
1167 1457 1171 1463 f

625 1543 740 1554 n--n-n

192 1649 259 1736 Ad
270 1668 442 1744 jomtiounn
459 1671 564 1748 poesin
581 1671 720 1731 Horatius
738 1671 850 1746 pariter
873 1673 960 1746 atquc
977 1669 1017 1729 ad
1031 1658 1181 1730 mdncom

193 1765 256 1819 tum
273 1763 374 1821 nativa
391 1763 490 1821 indole
509 1765 540 1820 et
558 1764 698 1835 singulari
722 1763 947 1822 conformatione
970 1765 1033 1821 tum
1057 1763 1181 1824 adversa
1257 1811 1262 1826 ,

192 1855 309 1911 iomuna
327 1869 386 1927 qua
404 1852 624 1913 conflictabatur
641 1853 777 1926 vitaeque
801 1853 919 1910 miseria
942 1855 1052 1912 tractus
1077 1857 1108 1911 et
1130 1871 1181 1912 ve·

193 1943 249 2000 luti
274 1944 389 2000 stimulo
413 1942 567 2014 instigatus
593 1943 647 1998 eat
684 1942 787 2016 Neque
810 1941 843 1998 id
866 1942 979 2000 mirum.
1016 1943 1092 2001 Nam
1116 1959 1182 2002 cum

193 2032 313 2107 propria
327 2032 472 2105 jambicae
490 2031 589 2108 poesis
608 2031 721 2091 indoles
739 2032 773 2089 in
790 2031 989 2090 maledicendo
1014 2033 1071 2090 sita
1095 2035 1134 2091 sit
1152 2037 1182 2092 ct

193 2126 225 2182 in
244 2140 343 2182 amara
361 2125 540 2196 singulorum
557 2124 682 2182 maxime
701 2121 850 2181 hominum
862 2123 1045 2196 sugillatione
1058 2119 1098 2203 ¹),
1118 2141 1182 2183 cam

191 2215 241 2272 vel
258 2231 311 2290 per
329 2233 361 2273 sa
381 2219 605 2274 consentaneum
624 2218 669 2272 est
687 2215 725 2272 iis
743 2215 925 2290 potissimum
942 2211 1112 2293 convenire,
1131 2217 1182 2290 qui
1291 2288 1293 2292 .

192 2308 244 2363 aut
262 2309 367 2364 natura
384 2307 422 2365 ad
442 2307 571 2365 dicacem
589 2309 620 2364 ct
636 2321 780 2365 morosam
804 2306 1016 2364 cavillationem
1038 2307 1182 2380 proclives

194 2399 262 2454 sunt
280 2399 332 2454 ant
349 2397 431 2454 fatali
448 2398 527 2455 vitae
546 2397 709 2456 calamitate
733 2396 858 2472 indeque
878 2400 964 2455 enata
982 2397 1071 2454 animi
1089 2398 1181 2469 aegri·

102 2509 104 2513 ·
128 2502 129 2510 ¹
193 2485 294 2543 tudine
314 2486 351 2544 ad
370 2487 549 2543 amarulenta
566 2487 682 2558 linguae
702 2488 832 2546 convicia
844 2490 1061 2561 exasperantur.
1090 2488 1182 2561 qunc

195 2577 275 2633 certo
294 2577 473 2648 compertum
492 2574 631 2632 habemus
656 2574 693 2631 do
710 2585 884 2653 ,repertore
898 2580 1050 2652 pupnoor'a
1061 2575 1186 2650 Jumtd‘

194 2661 249 2748 (u't
263 2665 346 2722 audit
364 2664 442 2740 apud
461 2664 546 2723 Ouid.
565 2665 598 2722 in
611 2663 688 2722 Ibid.
701 2683 728 2724 v.
742 2663 835 2748 523),
853 2666 1040 2749 Arclriloolao,
1059 2669 1111 2743 qui
1128 2687 1182 2744 per

194 2760 286 2815 totam
303 2755 395 2813 vitam
408 2755 487 2815 adeo
506 2771 624 2830 pressus
643 2757 699 2814 ruit
716 2757 817 2834 iniqua
833 2761 912 2816 sorta
923 2755 971 2841 ²),
989 2762 1024 2817 ut
1041 2761 1111 2818 inde
1129 2777 1181 2836 po-

194 2848 339 2906 tissimum
361 2862 457 2921 nequa
481 2863 552 2904 vero
576 2865 615 2907 cx
636 2848 736 2908 nativa
759 2850 850 2909 animi
873 2850 1065 2927 amaritudine
1089 2853 1182 2911 solum

196 2937 258 3009 ejus
277 2933 368 3008 δάκος
386 2931 487 2997 ἀδινὸν
504 2939 682 3018 κακαγοριᾶν
693 2934 724 3021 ⁸)
742 2944 838 3001 ortum
854 2943 997 3000 videatur.
1034 2941 1117 3002 Idem
1135 2960 1181 3002 oa·

267 3228 297 3293 1)
313 3229 399 3278 uorat.
416 3228 454 3278 on
470 3229 500 3290 ι,
517 3229 558 3281 rc.
575 3231 599 3281 a.
615 3230 750 3294 (marnoa
762 3230 860 3294 jann).
891 3229 974 3283 ome
989 3230 1046 3281 aaa
1062 3245 1098 3282 or.
1114 3232 1182 3300 aa.
1279 3213 1291 3240 ⁸

194 3294 219 3359 §.
236 3293 295 3345 141.
328 3295 435 3359 (lupera
449 3309 509 3346 vcro
525 3301 552 3347 et
567 3299 697 3360 maledica,
714 3301 742 3346 nt
757 3297 821 3357 dixi,
838 3296 910 3346 ctiam
925 3297 951 3346 in
967 3299 1079 3360 carmine,
1092 3300 1182 3362 lambio

195 3371 358 3434 gmoantur).
396 3369 496 3419 Arintot.
520 3376 585 3436 poet
612 3387 664 3436 cap.
688 3371 713 3421 4.
737 3358 797 3420 Διὸ
821 3363 870 3419 καὶ
893 3359 949 3437 dape
969 3361 1029 3422 εἵαν
1052 3363 1183 3422 καλεῖται

192 3434 261 3506 νῦν,
286 3431 334 3492 ὅτι
357 3428 388 3492 dv
411 3430 457 3509 τῷ
478 3437 576 3562 reinzo)
600 3438 697 3514 τούτῳ
715 3431 853 3513 ἵαμβιζον
871 3433 947 3512 ἀλλῂ
1002 3435 1040 3518 ς).
1072 3445 1181 3496 Diomed.

195 3511 238 3558 111.
254 3526 279 3573 p.
296 3509 354 3560 482.
366 3510 466 3559 Putaclr.
477 3510 540 3572 ,Gom
556 3515 619 3563 icum
631 3517 670 3563 eat
681 3528 776 3564 carmen
786 3512 926 3563 maledicum
941 3543 976 3552 -
991 3513 1135 3578 appellatum
1144 3516 1183 3561 cot
1206 3563 1214 3570 ,

196 3572 280 3654 παρὰ
300 3571 335 3632 τὸ
354 3569 502 3650 ἰαμβίζειν
518 3583 582 3648 quod
604 3588 642 3633 cat
657 3585 813 3646 maledicere,
836 3587 903 3650 cujus
925 3587 1037 3638 carminis
1059 3584 1181 3650 praecipui

197 3652 329 3715 scriptores
344 3649 410 3715 apud
427 3650 534 3701 Graecos
550 3650 705 3702 Archilochus
722 3656 748 3702 ct
761 3651 919 3719 Hipponon).

127 3723 132 3730 '
262 3731 292 3796 a)
307 3733 346 3782 cr.
362 3733 451 3783 nrcnn.
467 3735 510 3783 ro.
528 3733 566 3782 en
583 3732 677 3784 Liebcl.
694 3750 721 3800 p.
736 3734 777 3788 ra.
794 3732 819 3798 a
836 3738 861 3786 a.

151 3817 154 3820 ·
264 3816 292 3878 a)
307 3815 406 3867 rinna
423 3817 496 3880 Pytn.
514 3817 543 3877 a,
561 3818 602 3867 aa.
