2792 4576
649 291 854 356 ...10-

259 455 372 532 pictura
389 452 656 531 repraesentaverit
696 454 782 522 Quod
807 467 865 528 qno
882 445 1076 510 viridioribus
1091 449 1243 510 adtmbw

258 551 321 606 tum
346 545 478 606 videmus
502 545 662 622 mloribus,
691 561 804 620 quoque
829 543 862 602 id
885 542 989 602 darius
1009 557 1025 598 e
1046 559 1072 602 v.
1098 542 1242 600 41-54.

258 639 368 698 eluente
394 652 430 695 eo
447 636 539 708 magis
558 636 679 698 miseris,
691 653 776 711 saue,
801 634 879 707 quod
897 636 1052 708 paupertas
1070 633 1119 690 illa
1137 631 1244 709 audax,
1329 665 1330 668 =

259 745 333 806 quae
351 727 390 785 ad
407 727 511 807 poesin
529 727 664 786 Flaccum
681 725 848 801 instigavit,
873 723 912 781 ad
935 739 1072 800 perversa
1096 725 1126 780 et
1143 723 1244 798 iniqua

251 819 364 890 judicia
388 818 561 892 interpretes
587 816 728 892 quosdam
751 816 913 892 impulerit,
944 817 1031 891 inque
1059 814 1176 874 mandes
1200 813 1242 870 in·

257 909 374 968 duxerit
397 910 579 985 multiplices.
623 909 686 966 lam
708 921 779 966 vero
803 923 838 965 ea
862 921 937 981 quaa
961 906 998 964 de
1021 905 1133 964 Luculli
1151 904 1243 964 milite

257 999 396 1076 legimus,
415 1000 467 1076 qui
782 1039 784 1042 -
1227 1043 1228 1046 ,

548 1131 587 1152 -·
602 1131 643 1152 -ω
660 1107 780 1164 collecta
797 1106 905 1166 viatica
922 1105 1022 1162 multis

203 1264 206 1270 ¹
329 1196 500 1274 Acmmnis,
519 1197 612 1255 laesus
632 1197 701 1256 dum
718 1201 804 1256 nocte
823 1196 935 1271 stertit,
954 1194 993 1252 ad
1012 1211 1107 1254 assem

256 1303 293 1361 28
321 1302 507 1380 Perdiderat,
542 1307 610 1379 post
637 1306 706 1362 hoc
733 1305 929 1362 vehemens
956 1301 1082 1375 lupus,
1108 1301 1144 1354 et
1167 1296 1242 1354 sibi

590 1399 627 1454 et
650 1396 751 1454 hosti

209 1549 212 1556 ,
328 1487 452 1546 Iratus
477 1487 638 1560 pariter,
659 1486 807 1553 jejunis
833 1483 1011 1541 dentibus
1035 1496 1131 1554 acer,

328 1571 508 1633 Praesidium
525 1573 623 1642 regale
641 1571 705 1626 loco
725 1572 845 1648 deiecit,
865 1577 899 1629 ut
917 1573 1008 1649 ajunt,

328 1667 443 1720 Summe
462 1661 572 1718 munito
591 1662 622 1717 et
640 1662 793 1718 multarum
812 1661 902 1719 divite
920 1679 1025 1720 rerum.

327 1751 430 1811 Clarus
448 1751 486 1808 ob
504 1751 536 1807 id
554 1753 661 1810 factum
679 1751 763 1809 donis
781 1756 901 1810 ornatur
918 1753 1066 1830 honestis3

327 1843 443 1918 Accipit
462 1845 492 1901 et
509 1842 560 1900 bis
575 1841 650 1901 dana
668 1859 757 1919 super
775 1847 910 1903 sestertia
927 1859 1083 1902 nummum.

254 1949 321 2010 vide
340 1965 427 2026 quam
444 1953 578 2008 accurate
595 1984 634 1996 -
652 1952 709 2009 nisi
733 1951 867 2023 imaginis
894 1953 1073 2010 involuerum
1091 1945 1257 2008 fastidiose

253 2043 446 2118 presseris-
462 2041 657 2117 respondeant
674 2043 722 2119 iis,
742 2058 816 2116 quae
836 2043 872 2098 de
892 2059 923 2099 se
942 2045 1051 2100 Romae
1070 2045 1100 2100 et
1118 2041 1241 2101 Athenis

254 2135 356 2190 faustis
384 2133 520 2203 auspiciis
551 2133 661 2188 nutrito
689 2135 938 2207 conformatoque,
963 2133 1023 2187 'sed
1049 2133 1119 2188 belli
1147 2131 1241 2186 civilia

254 2225 338 2280 aestu
362 2221 394 2278 in
419 2236 499 2277 arma
523 2223 553 2276 et
577 2222 705 2295 perleula
730 2223 882 2296 absumpta
901 2217 945 2300 (v.
960 2214 1117 2300 40-48.)
1137 2220 1241 2275 effatur

254 2315 341 2388 poeta
360 2327 377 2368 a
395 2323 423 2368 r.
443 2311 507 2368 aaa

327 2401 410 2460 Unde
430 2401 514 2458 simul
531 2401 656 2475 primum
673 2417 720 2461 me
740 2402 875 2462 dimisere
893 2401 1021 2477 Philippi

299 2533 307 2545 ι
327 2493 442 2554 Decisis
460 2493 597 2549 humilem
615 2494 718 2567 pennis
737 2495 962 2570 inopemque
987 2491 1139 2569 paterni

254 2586 288 2642 51
322 2585 367 2643 Et
384 2583 477 2642 laris
503 2585 539 2640 et
557 2584 664 2642 fundi
682 2588 889 2661 paupertas
908 2586 1060 2661 impulit
1078 2583 1208 2658 audax,

326 2675 372 2730 Ut
390 2691 521 2731 versus
541 2677 718 2753 lacerem,
738 2678 800 2754 sed,
821 2678 968 2752 quodnon
981 2678 1066 2752 desit,
1085 2675 1240 2732 habentem

328 2765 409 2830 Quae
428 2767 564 2838 poterunt
582 2779 707 2841 unquam
726 2769 797 2824 satis
817 2785 978 2844 expurgare
997 2766 1117 2838 cicutae,

292 2855 298 2870 ¹
328 2853 367 2913 Ni
385 2854 488 2911 melius
509 2855 669 2914 dormire
688 2862 788 2931 putem
806 2876 892 2934 quam
911 2857 1037 2914 scribere
1055 2848 1177 2911 versusi

329 2979 549 3053 (temperantem
567 2981 644 3037 enim
663 2984 693 3037 et
712 2981 864 3054 diligenter
881 2978 1074 3055 pensitantem
1092 2995 1121 3034 r.
1141 2977 1188 3036 28.
1208 2981 1238 3034 et

254 3067 300 3130 51.
331 3085 391 3151 non
420 3071 528 3145 poterit
559 3072 733 3150 praeterire,
767 3074 841 3130 hanc
867 3087 946 3128 esse·
967 3070 1024 3128 loci
1055 3069 1236 3127 sententiam.

134 3169 136 3178 ¹
255 3161 504 3226 Quemadmodum
543 3163 627 3220 miles
667 3165 715 3221 ille
754 3165 841 3221 rebus
877 3160 999 3236 perditis
1036 3159 1236 3234 desperatione

254 3252 352 3326 actua,
371 3252 448 3308 vitae
467 3253 620 3330 prodigus,
646 3254 781 3328 sibique
799 3253 908 3326 pariter
923 3253 1009 3326 atque
1019 3252 1096 3308 hosti
1105 3252 1237 3309 iratusin

254 3341 380 3397 iurarem
403 3343 500 3400 verius
525 3359 611 3417 quam
635 3343 833 3401 tortitudinem
863 3343 996 3401 bellicam
1026 3347 1176 3417 protrusus
1205 3344 1237 3399 et

253 3431 393 3504 abreptus
418 3433 472 3508 sit,
497 3433 540 3490 ita
564 3449 596 3489 se
620 3433 756 3490 Horatius
776 3434 818 3490 ait
841 3434 1026 3492 acerbissima
1045 3451 1136 3509 eaque
1155 3433 1236 3490 fatali

175 3557 184 3574 r
255 3521 416 3580 calamitate
447 3537 579 3596 pressum
604 3522 719 3592 jactura
755 3523 919 3603 dignitatis,
956 3525 1098 3584 libertatis
1134 3524 1235 3598 reique

254 3612 403 3674 familiaris
421 3613 459 3669 ad
478 3629 541 3670 eam
559 3629 650 3688 usquc
668 3616 864 3675 morositatem
882 3620 913 3674 et
930 3617 1040 3676 rabiem·
1058 3616 1236 3691 compulsum

256 3719 337 3779 esse,
365 3705 399 3761 ut
416 3703 506 3760 totius
524 3703 612 3781 vitae,
632 3706 690 3762 sui
713 3707 836 3783 ipsius
861 3711 891 3765 et
909 3708 1058 3766 hominum
1075 3725 1143 3768 osor
1159 3707 1235 3767 indi·

256 3794 440 3874 mationem,
466 3793 608 3872 dolorem,
627 3796 746 3876 odium,
769 3799 842 3856 iram
866 3799 1080 3860 contumeliosis
1103 3798 1233 3858 versibus
