2792 4576
563 317 772 384 ..69-

179 480 215 538 de
230 497 264 538 re
284 479 333 540 iile
350 480 491 556 temporis
515 485 610 541 tractu
634 483 727 556 lyrica
750 483 891 542 Venusini
916 487 1020 558 poetae
1040 484 1166 542 carmine

177 571 370 630 Romanorum
399 575 429 628 et
459 571 552 646 ipsius
582 575 765 648 imperatoris
794 574 929 632 manibus
961 569 1068 633 dudum
1098 574 1168 634 trita

175 660 265 720 inisse
285 665 364 721 recte
383 663 454 720 mihi
468 662 600 734 judicare
620 663 729 722 videor.

574 974 771 988 m·-

563 1453 680 1572 cap.
706 1455 772 1545 V.

124 1635 129 1641 ’
219 1635 256 1688 De
270 1641 377 1702 tempore
394 1650 441 1702 quo
457 1599 519 1688 liber
536 1638 688 1703 epistolarum
705 1638 771 1703 prior
787 1635 890 1706 roiptos
908 1642 932 1690 et
949 1635 1029 1691 edito·
1041 1637 1123 1690 tuerit

572 1807 767 1818 ----—--·

58 2013 61 2022 Ι
177 1902 278 2006 Quod
296 1957 315 1997 a
332 1939 433 2010 lyricis
451 1939 626 1999 carminibus
644 1938 805 2015 pangendis
824 1941 855 1996 et
863 1939 996 2014 quolibet
1012 1939 1076 1996 lusu
1096 1953 1164 2012 poe·
1274 1992 1278 2002 ,

173 2031 234 2088 tico
258 2030 410 2088 Horatium
439 2031 626 2089 evocavit-
644 2033 770 2087 aemtem
792 2029 859 2088 dico
884 2030 1026 2086 senectuti
1049 2028 1164 2102 propio·

175 2137 237 2178 rem
256 2124 287 2178 et
300 2120 424 2191 iuvenili
435 2120 538 2178 ardore
551 2121 729 2197 destitutam,
749 2124 932 2194 mentemque
945 2123 975 2178 et
987 2119 1165 2176 voluntatem

100 2263 103 2272 ,
175 2211 355 2268 immutatam
373 2243 410 2256 -
427 2211 506 2270 idem
523 2212 563 2270 ad
581 2214 700 2270 tertium
718 2229 785 2269 eum
807 2212 898 2270 veluti
923 2211 1043 2282 gmdrnu
1065 2206 1164 2285 poesis

174 2302 306 2378 adduxit,
325 2302 363 2359 ad
382 2303 520 2377 epistolas
539 2303 715 2363 scribendas
742 2305 870 2371 Quarum
883 2305 1082 2374 argumentum
1096 2315 1165 2358 oum

175 2394 331 2449 maximam
349 2397 462 2466 partem
478 2395 512 2450 in
528 2395 616 2453 rebus
641 2395 725 2452 seriis
749 2397 780 2452 et
803 2394 939 2466 gravibus
963 2391 1090 2467 positum
1114 2392 1164 2466 sit,

174 2482 218 2538 ita
235 2481 368 2556 quidem,
387 2485 421 2537 ut
437 2483 470 2538 in
487 2485 608 2555 prologo
625 2487 704 2541 recte
723 2485 851 2557 potuerit
869 2485 971 2539 auctor
989 2482 1101 2556 dicere,
1121 2497 1164 2556 se,

176 2572 247 2646 quid
264 2587 381 2646 verum,
405 2573 517 2627 rectum
540 2574 633 2645 atque
647 2573 753 2629 decens
772 2573 826 2649 sit,
851 2571 936 2628 unice
954 2585 1109 2645 quaerere,
1133 2571 1165 2627 et

176 2679 250 2736 quae
269 2659 403 2735 p'rdmpta
422 2658 460 2717 ad
478 2676 564 2719 nsum
583 2662 829 2738 sint'procurare3
849 2675 971 2735 cumque
989 2661 1082 2736 ipsius
1094 2675 1164 2734 poe·

176 2757 223 2810 tae
242 2751 353 2809 tristior
371 2749 543 2809 subindeet
561 2754 702 2811 morosior
719 2752 808 2812 animi
828 2753 941 2810 affectio
966 2769 1004 2808 ex
1026 2752 1072 2809 his
1095 2765 1178 2825 poe.

174 2843 260 2900 matis
279 2841 363 2916 quasi
383 2843 521 2919 emergat,
542 2859 628 2917 quam
646 2859 713 2922 qua,
732 2845 802 2902 dnm
819 2843 923 2901 melica
941 2840 1075 2916 scripsit,
1093 2857 1163 2896 usus

176 2935 278 2992 inerit:
298 2933 359 2990 vesi
378 2932 534 2992 admodum
553 2934 646 2994 sinite
664 2939 696 2993 tit
720 2952 787 2992 eum
805 2934 945 2993 absolutis
964 2931 1078 2988 demum
1096 2929 1164 3002 lyri-

177 3025 219 3082 cis
237 3023 320 3080 libris
338 3023 357 3081 i.
378 3039 404 3080 e.
424 3027 492 3098 post
510 3040 616 3082 annum
635 3044 663 3084 ιι.
683 3044 707 3084 c.
729 3027 792 3082 iac.
818 3024 856 3082 ad
875 3024 1012 3098 epistulas
1036 3019 1164 3078 seriben-

162 3115 229 3172 ‘das
245 3131 313 3192 ,sese
332 3114 501 3172 accinxisse.
520 3149 558 3160 -
576 3117 615 3174 Et
634 3115 709 3174 siin
729 3116 905 3186 singuiarmn
928 3115 1053 3170 aetatem
1070 3109 1164 3186 inqui·

178 3206 296 3281 siveris,
324 3205 432 3262 nullam
456 3203 602 3283 invenies,
632 3223 706 3280 qliae
731 3209 800 3262 ante
818 3221 885 3262 eum
903 3221 929 3264 a.
949 3205 1029 3260 certo
1057 3201 1165 3275 scripto

178 3297 224 3354 sit.
262 3297 337 3354 Nam
365 3295 443 3369 quod
470 3297 620 3356 Kirchner.
639 3297 671 3354 in
690 3299 801 3370 quaest.
820 3313 849 3370 p.
869 3296 914 3352 34.
933 3295 1019 3369 epist
1041 3293 1068 3370 1,
1087 3293 1116 3350 2.
1135 3309 1161 3350 a.
1248 3365 1252 3370 .

178 3387 242 3445 727.
262 3389 356 3442 ortam
375 3393 439 3442 esse
459 3389 570 3465 statuit,
586 3391 687 3464 potest
704 3387 824 3462 quidem
840 3401 941 3444 verum
959 3401 1023 3443 esse
1043 3382 1095 3441 sed
1113 3399 1164 3438 ne·

177 3479 241 3552 quit
259 3477 377 3551 probari
394 3480 581 3548 argumentis.
619 3481 716 3547 Quare
744 3477 852 3538 rectius
879 3478 1002 3534 tortasse
1030 3471 1164 3533 duodeci·
1198 3509 1200 3526 .

178 3585 269 3626 mam:
291 3575 351 3645 „ut
364 3562 623 3654 proficiscedtcffl
636 3569 764 3627 omnium
782 3567 904 3642 primam
922 3565 1040 3654 dixeris,
1059 3579 1086 3619 a.
1099 3561 1163 3617 730.

177 3659 226 3715 vel
244 3657 308 3716 731.
328 3662 484 3716 exaratam
523 3659 581 3717 Sed
599 3659 786 3720 haecomnia
803 3673 863 3738 npn
880 3657 971 3728 magis
986 3655 1069 3712 ceria
1087 3655 1164 3726 sunt,

180 3763 266 3822 quam
284 3763 358 3821 quae
383 3749 420 3807 de
444 3750 561 3808 nomine
585 3753 616 3809 et
640 3749 736 3810 indole
765 3748 950 3823 epistolarum
978 3743 1166 3802 metemur

179 3838 371 3912 quaestiones.
510 3837 513 3844 ’
