2792 4576
559 287 919 378 ese—2

232 457 333 515 tasset.
375 453 438 515 Nec
461 452 614 511 Maecenas
638 453 722 531 tacite
745 455 844 512 notam
868 449 946 528 eius,
971 467 1057 526 quem
1080 410 1138 510 usu
1160 469 1214 542 suo

231 563 291 606 uon
308 545 350 604 ita
367 543 480 619 pridem
498 543 630 616 dignatus
649 546 723 620 erat,
741 555 834 618 aequo
852 543 948 600 animo
963 543 1087 600 tulisset.
1107 544 1213 610 Quem·

222 635 386 694 admodum
403 635 492 706 igitur
508 634 659 692 Horatium
682 638 836 709 propterea
859 634 915 692 hoc
939 631 1076 708 probrum
1098 634 1212 695 Maece·

230 725 294 784 nati
311 726 443 784 intulisse
461 725 569 800 utique·
586 724 770 784 statuendum
793 728 855 802 est,
880 727 914 782 nt
937 740 1006 781 vere
1030 723 1158 782 laederet
1182 727 1213 782 et
1253 763 1256 770 ·
1290 723 1293 732 '

231 819 374 892 pungeret
391 831 473 892 eum,
497 816 540 873 ita
559 816 684 873 dubitari
700 815 802 889 nequit
820 816 891 891 quin
908 818 939 872 et
956 831 992 872 eo
1010 817 1139 889 tempore
1158 815 1213 872 boe

231 907 349 983 iecerit,
368 921 426 981 quo
443 904 571 964 nondum
588 905 631 963 illi
648 906 829 984 innotuerat,
848 909 879 963 et
898 905 1070 977 singularem
1087 904 1214 962 ludifica-

231 996 321 1064 tionis
339 996 473 1054 babuerit
491 1011 629 1053 caussam.
666 997 747 1056 Haec
765 993 862 1054 aritcm
879 1013 953 1071 quae
980 997 1127 1071 qualisque
1152 996 1214 1052 tue·

231 1085 281 1163 rit‚
299 1102 359 1143 non
378 1087 491 1144 difficile
510 1088 556 1143 est
573 1090 735 1160 perspectu.
756 1086 864 1145 Oderat
882 1089 912 1143 et
931 1086 1118 1146 aversabatur
1134 1085 1215 1141 Mae·

232 1179 374 1252 cenatem,
394 1179 427 1232 ut
445 1177 495 1250 qui
512 1177 684 1250 praecipuus
702 1177 829 1250 potentis
847 1177 990 1234 triumviri
1002 1177 1118 1247 adjntor
1129 1176 1214 1232 essct.

231 1267 316 1326 Hune
334 1266 423 1338 igitur
439 1266 549 1341 pariter
572 1271 659 1350 atque
686 1268 774 1345 alios,
803 1265 853 1341 qui
879 1283 898 1324 a
926 1265 1057 1324 caesaris
1085 1265 1216 1338 partibus

163 1339 167 1356 ⁴
233 1357 365 1433 stabant,
392 1359 452 1414 sale
471 1374 524 1415 suo
543 1359 701 1432 perfricuit.
738 1359 784 1416 Ita
801 1359 833 1415 in
851 1357 987 1431 haeipsa
1006 1354 1095 1412 satira
1118 1353 1216 1410 statim

233 1447 271 1504 ab
290 1447 389 1505 initio:
408 1449 449 1506 M.
469 1451 624 1523 Mecilium
642 1445 695 1530 (dc
714 1465 771 1523 quo
789 1467 816 1505 v.
835 1447 991 1504 Wciehert.
1011 1461 1039 1519 p.
1058 1460 1082 1500 r.
1101 1459 1131 1516 p.
1150 1443 1214 1499 297.

127 1535 128 1540 ’
232 1537 350 1596 Kirchn
377 1541 487 1612 quaest.
513 1555 542 1610 p.
561 1539 598 1593 42
623 1553 665 1609 sq.
692 1539 802 1593 Aaron:
826 1537 952 1612 musicus
976 1534 1167 1608 peritissimus
1185 1536 1217 1590 et
1273 1604 1275 1610 s

232 1629 313 1686 vocis
332 1628 471 1702 eximiae,
498 1627 530 1683 G.
550 1625 667 1683 caesari
685 1623 817 1698 dictatori
843 1629 873 1682 ct
896 1628 963 1700 post
982 1623 1151 1698 Cleopatrae
1170 1640 1216 1680 ac·

233 1716 432 1798 ceptissimus‚
450 1715 582 1786 Augusto
601 1730 714 1788 quoque
735 1716 852 1773 caesari
875 1711 1074 1796 amicissimus.
1112 1704 1241 1791 87ιηὶῐί-ἱ

232 1807 280 1861 ter
295 1804 401 1878 Porph.
422 1807 452 1862 et
470 1805 563 1862 Schol.
585 1806 669 1878 Gruq.
689 1808 725 1862 et
745 1806 803 1862 Sat.
824 1806 851 1880 1,
870 1806 897 1861 3.
917 1798 973 1885 4.),
990 1823 1018 1862 v.
1039 1805 1085 1860 36.
1106 1805 1137 1862 0.
1160 1803 1217 1861 Orc·

230 1897 389 1970 meantem
405 1896 551 1954 labemur
569 1890 794 1972 (‚‚Gumanum,1
807 1895 932 1976 Augusti
949 1894 1142 1952 familiaritate
1161 1894 1218 1950 ola·

158 2023 160 2028 ·
232 1985 319 2044 rum“
340 1989 413 2043 caet
430 1980 607 2062 Porphyr.),
633 2003 661 2042 v.
681 1986 726 2066 48.
745 1987 924 2043 Sallustium
948 1977 1000 2061 (cf.
1019 1984 1168 2042 Heindorf.
1187 1999 1217 2058 p.

234 2077 281 2136 41.
300 2077 380 2150 Lips.
405 2076 624 2134 adranam
645 2075 678 2151 1,
696 2069 742 2157 6.)
772 2077 803 2131 et
833 2065 955 2131 eandem
978 2073 1015 2130 ob
1039 2089 1171 2130 caussam
1183 2089 1216 2129 ⁴v.

233 2168 282 2223 27.
302 2183 339 2223 ex
356 2164 517 2221 Weieherti
540 2165 705 2236 conjectura
729 2159 822 2245 (poet.
841 2157 892 2221 rel.
918 2180 947 2237 p.
966 2157 1048 2244 429.)
1072 2161 1218 2232 Rufillam
1280 2147 1283 2158 ¹

234 2257 265 2313 et
284 2254 482 2328 ceponium.
506 2254 567 2311 Hos
585 2269 654 2309 vero
673 2270 772 2309 omnes
790 2269 856 2310 eum
874 2254 982 2310 directe
1001 2252 1141 2324 castigare
1159 2269 1219 2310 non

207 2372 211 2380 <
233 2345 344 2403 veritus
363 2345 417 2420 sit,
436 2358 495 2399 non
514 2342 614 2400 dubito
632 2343 703 2417 quin
720 2342 799 2400 idem
815 2344 917 2400 fecerit
934 2343 966 2399 in
983 2343 1160 2402 Maecenatis
1170 2345 1218 2400 ir-

233 2436 351 2494 risione.
388 2434 490 2509 Itaqne
507 2434 540 2490 in
557 2450 593 2491 ea
612 2451 675 2490 sum
694 2435 847 2510 sententia,
865 2435 899 2493 ut
916 2434 1013 2509 ipsum
1030 2437 1216 2494 Maecenatis

234 2527 342 2586 nomen
370 2529 433 2584 tum
456 2541 521 2582 cum
545 2528 764 2600 componeretur
789 2525 883 2582 Satira
912 2525 945 2581 in
973 2539 1060 2582 vorsu
1077 2524 1124 2582 25.
1145 2526 1218 2584 seii·
1254 2523 1255 2528 ’

234 2621 327 2693 ρῐιιω,
339 2619 442 2689 postea
453 2618 559 2694 autem,
571 2633 637 2674 eum
648 2603 736 2692 poet'a
749 2615 811 2687 J'ar'n
829 2615 1004 2672 innotuisset
1022 2615 1051 2672 ei
1068 2617 1099 2672 et
1110 2615 1217 2672 beneti-

211 2706 289 2767 ,cio
313 2706 462 2779 officioque
492 2706 647 2764 obstrictus
679 2708 784 2783 esset„
800 2707 947 2765 Mutcbtm‘
970 2703 1087 2760 nomine
1115 2703 1216 2762 callido

234 2798 302 2856 licto
320 2797 524 2854 commutatum
541 2813 606 2854 esse
626 2798 727 2854 dicam.
764 2797 811 2854 Ita
827 2797 927 2853 tenuia
943 2793 1055 2850 tantum
1074 2793 1142 2849 salsi
1155 2793 1217 2864 joci

235 2887 360 2960 vestigia
371 2886 578 2968 remanebant,
604 2902 678 2961 quae
697 2887 810 2944 etiamsi
833 2881 981 2961 permultis
1007 2883 1060 2938 sat*
1075 2881 1162 2956 planu
1186 2887 1219 2943 et

236 2975 419 3053 explicabilia
437 2979 544 3053 essent,
563 3009 602 3020 -
618 2981 652 3033 ut
669 2993 707 3046 ne
724 2993 778 3035 nos
797 2975 913 3060 quidem
923 2973 1015 3030 latent
1031 3005 1070 3016 -
1086 2975 1216 3034 tunicato

236 3070 335 3126 tamen
351 3069 466 3144 popello
489 3067 613 3128 obscura
636 3070 752 3127 suerunt
775 3070 805 3125 et
828 3065 973 3143 perplexa.
1011 3066 1107 3139 Atque
1124 3065 1167 3122 ita
1185 3070 1217 3123 ct
1339 3103 1345 3116 .

235 3155 374 3218 Horatius
398 3159 479 3216 salvo
502 3159 612 3233 pudore
638 3177 672 3218 ae
695 3160 812 3235 pietatis
836 3156 928 3215 officio
951 3147 1077 3212 servarit
1100 3173 1216 3213 versum

237 3264 304 3306 cum
322 3249 420 3306 ederet
437 3249 558 3326 librum,
577 3253 608 3307 et
625 3249 777 3309 Maecenas
796 3249 875 3306 salva
899 3247 975 3302 tama
992 3261 1059 3304 eum
1075 3261 1135 3323 non
1152 3247 1215 3302 tolli

238 3336 291 3398 sed
309 3339 414 3396 mutari
436 3342 549 3398 tantum
571 3341 634 3415 pati
656 3341 758 3414 potuit.
777 3367 816 3382 -
834 3336 1024 3410 Caeteroquin
1041 3337 1213 3395 Kirchuerus

237 3429 271 3488 in
288 3430 397 3504 quaeat.
416 3445 446 3503 p.
465 3430 510 3487 52.
530 3427 558 3506 5.
573 3431 605 3504 Ι6.
624 3432 701 3486 recte
720 3428 868 3484 oblocutus
894 3429 940 3484 est
956 3427 1138 3503 Weicherto‘5
1163 3427 1214 3501 qui

237 3521 271 3578 in
288 3521 438 3578 comment
463 3517 500 3577 de
523 3520 610 3579 Vario
627 3519 663 3576 ll.
697 3533 726 3590 p.
751 3515 779 3574 8.
807 3512 860 3597 (de
878 3519 945 3578 Var.
971 3519 1001 3574 et
1020 3518 1098 3575 cess.
1117 3534 1146 3592 p.
1166 3518 1212 3576 43.

6 3625 7 3632 ’
131 3593 135 3598 ’
238 3612 270 3668 et
286 3613 363 3685 poet.
382 3609 433 3667 rel.
459 3626 488 3684 p.
508 3603 589 3692 457.)
613 3608 669 3666 sibi
693 3607 792 3685 tinxit,
819 3609 1015 3668 Maecenatem
1045 3607 1150 3666 satirae
1173 3609 1211 3666 ll.

213 3751 217 3759 .
238 3701 394 3760 aemonia
410 3700 550 3759 offensum
567 3701 598 3757 et
616 3698 774 3757 subiratum
791 3713 876 3770 aegre
893 3697 1009 3756 tandem
1025 3697 1138 3770 Virgilii
1155 3699 1212 3758 Va·

198 3817 199 3820 ¹
238 3789 332 3868 riique
349 3791 554 3854 intercessione
573 3793 603 3850 et
621 3789 779 3864 conjunctis
797 3805 895 3850 eorum
906 3787 1038 3865 precibus
1049 3792 1210 3864 permotum

1383 3543 1390 3578 t
