2776 4582
561 293 768 362 ...107-

176 459 336 534 dequibus
354 475 382 516 v.
401 457 487 516 dalem
512 457 548 514 in
563 459 632 516 edit.
658 477 687 536 p.
707 461 771 520 260.
792 463 822 518 ct
840 460 971 536 inprimis
995 460 1111 520 Weich.¹
1127 477 1156 536 p.

175 550 232 608 rel.
245 566 274 625 p.
291 550 359 608 ³34.
376 551 437 606 not.
454 549 484 606 e.
503 579 542 594 -
560 550 617 608 Sed
641 555 752 612 cenum
775 556 821 610 est
843 568 903 610 uon
925 569 1012 628 posse
1036 547 1159 626 intelligi

174 641 318 715 Apollinis
337 641 476 714 templum
494 657 521 699 a.
542 640 657 710 demum
675 644 739 702 726.
759 644 921 721 conditum,
950 643 987 706 dc
1007 658 1063 717 quo
1082 644 1159 717 eogi-
1213 629 1219 651 '

175 735 241 790 taut
258 733 361 792 Scholl
399 732 541 806 Equidem
564 749 624 790 non
649 733 750 794 dubito
774 735 911 796 accedere
936 736 1074 794 Massouo
1093 730 1158 814 (rit

174 840 206 897 p.
226 819 307 904 l‘u'l.)
326 824 442 889 domum
459 824 602 899 privatam
620 824 808 905 intelligenti,
833 828 865 886 in
889 842 950 902 que.
969 829 1073 901 poetae
1098 841 1160 884 see·

175 914 235 972 uici
254 917 380 974 earmina
404 932 457 975 sua
481 932 577 974 coram
600 916 699 988 judice
725 918 874 978 recitaturi
901 917 1055 975 convenire
1083 916 1161 995 soliti

176 1006 244 1064 sint.
262 1037 302 1052 -
318 1010 364 1065 De
382 1005 572 1069 Panoluc'v.
591 1007 637 1066 te.
656 1012 814 1068 memorato
833 1006 926 1088 (haud
945 1007 1032 1065 dubie
1044 1007 1161 1064 nomine

173 1090 297 1175 sericio)
320 1098 456 1172 esposuit
473 1098 629 1156 Weichert.
654 1102 731 1175 poet.
758 1102 857 1176 rel.·p.
877 1099 931 1157 281
952 1115 994 1174 sq.
1012 1131 1052 1144 -
1070 1099 1162 1172 Spolr·

175 1186 242 1243 nius
269 1188 412 1246 referente
438 1189 524 1248 Jahn.
544 1207 574 1266 p.
594 1191 658 1249 261.
685 1192 724 1249 eb
752 1191 873 1250 Horatio
897 1190 1162 1272 tectelrc'llieatum

176 1293 241 1333 esse
261 1277 532 1350 conjecitiislliurre
553 1282 720 1359 macrum,
738 1282 961 1340 obtrectatorem
972 1280 1162 1354 Virgiliiuni·

176 1383 251 1443 oum,
271 1369 352 1441 cujus
372 1371 552 1442 coniecturae
571 1374 714 1438 sationem
731 1371 888 1430 Weichert.
907 1372 926 1428 l.
945 1372 964 1427 l.
986 1373 1042 1447 sibi
1053 1371 1172 1445 panter-
1254 1423 1256 1431 .

176 1459 266 1516 latere
286 1460 357 1518 dicit
375 1464 461 1536 atque
485 1463 581 1537 ipsum
605 1464 686 1522 illum
703 1463 828 1522 Trdlium
843 1453 1003 1544 'Cimbrum
1042 1461 1164 1534 Spohnii

135 1587 137 1592 -
177 1550 305 1623 opinatio
324 1553 410 1610 fluxit
427 1553 486 1612 uisi
503 1570 549 1612 me
567 1555 635 1628 fallo
654 1553 739 1630 inde,
759 1551 838 1627 quod
854 1552 968 1622 Virgilii
987 1551 1164 1630 epigramma

177 1657 196 1696 a
214 1641 392 1709 Quintiliano
411 1643 443 1700 in
461 1644 528 1701 inst.
548 1645 669 1720 oratii,
689 1645 716 1700 3.
736 1641 765 1721 §-
784 1643 831 1700 28.
851 1645 1011 1702 servatum:
1032 1643 1164 1720 „nerse-

171 1733 306 1792 tltinrum
325 1741 445 1794 amator
461 1738 517 1795 isle
533 1731 721 1796 oeriurnm“
735 1737 808 1791 caet
827 1749 887 1792 non
905 1734 943 1791 ad
961 1735 1090 1796 Arnim
1101 1735 1163 1792 sive

175 1823 339 1884 Annaeum
360 1828 528 1900 (imbrum,
546 1825 698 1882 Mantuani
716 1826 1066 1902 poetaeobtrectatorem,
1084 1827 1163 1883 retu-

176 1915 221 1990 lit,
230 1915 294 1971 ¹sed
312 1916 349 1972 ad
369 1917 500 1976 Tullium
522 1916 673 1990 (instrum
691 1914 739 1970 rel
757 1913 853 1987 potins
867 1915 987 1994 iillimn
1001 1916 1164 1998 (ierom

178 2005 312 2062 Caesaris
331 2006 499 2083 occisorem,
518 2006 650 2064 sollemni
667 2021 760 2080 paeue
780 2021 887 2083 errore,
907 2021 937 2065 a
935 2021 1000 2080 que
1018 2021 1058 2062 ne
1075 2006 1163 2065 liem-

177 2097 338 2154 sterhusius
354 2093 474 2171 quidem
493 2097 550 2155 sibi
567 2097 655 2174 cavit,
674 2098 830 2174 annotante
848 2095 1016 2178 Spaldingip
1034 2097 1085 2153 l.l.
1106 2095 1162 2156 vot.

176 2187 227 2246 ill.
247 2205 277 2262 p.
296 2187 419 2246 23ομ-
379 2189 579 2266 *Denique
599 2191 633 2245 ut
651 2187 688 2244 ad
704 2165 938 2246 initiumsatiree
950 2187 1082 2272 redeam,
1097 2191 1163 2246 octo

176 2278 220 2338 illi
238 2296 355 2357 uersus,
380 2281 446 2355 qui
453 2280 486 2337 iu
505 2279 678 2355 quibusdam
696 2281 809 2338 tantum
834 2279 917 2336 codd
936 2280 965 2338 ei
980 2280 1104 2364 praefixi
1122 2281 1163 2338 le

177 2373 299 2448 guntur,
327 2374 410 2430 facila
435 2389 470 2430 eo
495 2373 620 2446 aliquem
643 2370 804 2448 adducant,
833 2374 865 2428 nt
884 2371 1027 2447 duplicem
1046 2372 1162 2452 eclogae

176 2463 375 2520 recensionem
393 2461 514 2535 abipso
530 2464 619 2535 poeta
637 2463 741 2516 actam
765 2478 853 2517 esse
840 2461 1016 2538 existimem
1047 2477 1115 2518 uam
1131 2461 1164 2517 id

178 2552 430 2625 persuasissimum
448 2551 520 2607 mihi
539 2550 622 2625 est,
613 2565 709 2622 ipsum
727 2529 878 2608 Horatium
902 2551 1005 2609 horum
1021 2565 1163 2634 ¹versuum
1251 2594 1253 2602 ,

179 2643 324 2699 auctorem
343 2657 426 2716 esse3
450 2640 532 2713 cujus
552 2639 657 2712 judicii
681 2641 866 2713 praecipuum
891 2639 1087 2712 adjumentum
1104 2657 1163 2700 non

179 2733 318 2790 erubesco
337 2747 375 2788 ex
394 2731 532 2802 singulari
551 2747 651 2788 eorum
669 2732 763 2789 colore
781 2735 892 2808 petere,
912 2744 999 2805 quem
1016 2749 1085 2790 vere
1104 2734 1162 2790 Hu-

68 2819 73 2836 '
177 2823 321 2881 ratianum
339 2818 405 2880 esse
424 2821 528 2898 sentio,
546 2838 602 2879 nec
620 2825 718 2880 tamen
729 2823 902 2897 persuadere
915 2824 1050 2896 cuiquam
1061 2824 1161 2881 ausim.

138 2977 141 2982 .
179 2914 237 2972 Sed
256 2930 321 2971 cum
339 2912 461 2987 duplicis
479 2912 655 2970 recensionis
678 2915 757 2971 nulla
774 2916 925 2989 praetcrea
947 2914 979 2970 in
997 2914 1096 2986 ecloga
1113 2931 1163 2971 vc-

180 3005 267 3076 stigia
285 3003 353 3079 sint,
371 3003 514 3077 potiorem
534 3003 607 3060 duco
625 3019 724 3062 eorum
743 3006 924 3081 sententiam,
944 3005 994 3078 qui
1012 3004 1163 3064 Horatium

179 3095 217 3152 ab
235 3094 282 3151 his
300 3092 432 3151 versibus
452 3095 569 3151 satiram
587 3095 721 3167 incipere„
733 3095 869 3170 voluisse,
888 3099 950 3151 tum
967 3097 1077 3152 mutato
1096 3112 1163 3154 con·

180 3185 250 3247 silio,
265 3184 345 3241 aliud
363 3185 514 3242 exordium
538 3185 688 3259 scripsisse
713 3188 863 3241 autumant
880 3178 1034 3268 (Similiter
1050 3186 1162 3246 Weich.

179 3289 209 3349 p.
228 3292 252 3332 r.
272 3292 301 3348 p.
321 3271 412 3356 362).
450 3275 512 3333 Nec
539 3291 712 3349 magnopere
739 3275 922 3351 reiragabor,
952 3276 977 3332 si
1005 3276 1069 3351 quis
1098 3293 1163 3336 cum

51 3382 53 3391 ’
107 3383 109 3392 ’
179 3365 338 3437 Doeringio
356 3379 457 3422 versus
482 3365 520 3421 ad
543 3367 738 3437 iutegritatem
763 3367 869 3423 satirae
895 3368 1073 3425 necessarios
1098 3363 1162 3425 esse
1207 3391 1209 3396 ¹

180 3458 211 3514 et
227 3472 331 3513 revera
349 3456 411 3526 eJus
429 3454 539 3512 aditum
557 3458 719 3531 patefacere
737 3457 819 3513 malit
837 3457 1011 3518 existimare.
1050 3459 1114 3525 Qua
1131 3457 1163 3513 iu

182 3545 325 3604 sententia
342 3548 370 3605 J.
389 3547 425 3604 H.
448 3545 571 3604 Vossius
589 3563 703 3621 quoque
722 3548 784 3624 tuit,
805 3548 855 3623 qui
872 3547 914 3606 ito
932 3549 987 3608 hac
1005 3548 1041 3605 de
1059 3563 1091 3603 re
1102 3545 1183 3603 dis·-

182 3638 273 3694 seruit
291 3632 533 3714 (Anmerliungen
557 3638 616 3694 und
643 3638 842 3709 Randglossen
869 3656 904 3697 zu
934 3638 1080 3696 Griechen'
1103 3638 1163 3697 und

116 3787 119 3794 .
181 3727 308 3786 illimem
325 3743 384 3784 von
401 3729 429 3786 J.
447 3728 485 3785 H.
503 3728 588 3802 Voss,
607 3727 842 3800 heransgegeben
859 3745 886 3786 v.
906 3730 941 3788 A.
961 3730 1043 3787 Voss.
1062 3727 1160 3802 Leipz.

184 3816 265 3876 1838.
284 3831 314 3893 p.
333 3819 396 3878 252.
416 3818 453 3878 ll.
472 3811 609 3904 liores.):
635 3818 901 3895 „Wahrscheinlieh
925 3819 975 3876 hat
999 3818 1050 3876 der
1074 3818 1162 3878 bitter
1197 3860 1200 3869 .
