<?xml version="1.0" encoding="UTF-8"?>
<!DOCTYPE html PUBLIC "-//W3C//DTD XHTML 1.0 Transitional//EN"
    "http://www.w3.org/TR/xhtml1/DTD/xhtml1-transitional.dtd">
<html xmlns="http://www.w3.org/1999/xhtml" xml:lang="en" lang="en">
 <head>
  <title>
</title>
<meta http-equiv="Content-Type" content="text/html;charset=utf-8" />
  <meta name='ocr-system' content='tesseract 3.04.00' />
  <meta name='ocr-capabilities' content='ocr_page ocr_carea ocr_par ocr_line ocrx_word'/>
</head>
<body>
  <div class='ocr_page' id='page_1' title='image "./fastihoratiani00lachgoog_0175.png"; bbox 0 0 2776 4582; ppageno 0'>
   <div class='ocr_carea' id='block_1_1' title="bbox 609 259 815 328">
    <p class='ocr_par' dir='ltr' id='par_1_1' title="bbox 609 259 815 328">
     <span class='ocr_line' id='line_1_1' title="bbox 609 259 815 328; baseline 0.005 -21"><span class='ocrx_word' id='word_1_1' title='bbox 609 259 815 328; x_wconf 63' lang='lat' dir='ltr'><strong>..1oe-</strong></span> 
     </span>
    </p>
   </div>
   <div class='ocr_carea' id='block_1_2' title="bbox 220 393 1363 498">
    <p class='ocr_par' dir='ltr' id='par_1_2' title="bbox 220 393 1363 498">
     <span class='ocr_line' id='line_1_2' title="bbox 220 393 1363 498; baseline -0.01 -8"><span class='ocrx_word' id='word_1_2' title='bbox 220 428 342 490; x_wconf 74' lang='lat' dir='ltr'><strong>uenam.</strong></span> <span class='ocrx_word' id='word_1_3' title='bbox 379 423 561 486; x_wconf 76' lang='lat' dir='ltr'><strong>meabiles</strong></span> <span class='ocrx_word' id='word_1_4' title='bbox 579 441 650 484; x_wconf 69' lang='lat' dir='ltr'><strong>vero</strong></span> <span class='ocrx_word' id='word_1_5' title='bbox 668 426 766 498; x_wconf 71' lang='lat' dir='ltr'><strong>aegos</strong></span> <span class='ocrx_word' id='word_1_6' title='bbox 784 419 986 494; x_wconf 58' lang='lat' dir='ltr'><strong>cunenses</strong></span> <span class='ocrx_word' id='word_1_7' title='bbox 1005 437 1070 480; x_wconf 68' lang='lat' dir='ltr'><strong>aas</strong></span> <span class='ocrx_word' id='word_1_8' title='bbox 1087 397 1204 484; x_wconf 77' lang='lat' dir='ltr'><strong>nean</strong></span> <span class='ocrx_word' id='word_1_9' title='bbox 1263 395 1264 398; x_wconf 59' lang='lat'>‘</span> <span class='ocrx_word' id='word_1_10' title='bbox 1362 393 1363 458; x_wconf 72' lang='grc' dir='ltr'><em>ἵ</em></span> 
     </span>
    </p>
   </div>
   <div class='ocr_carea' id='block_1_3' title="bbox 159 513 1292 1593">
    <p class='ocr_par' dir='ltr' id='par_1_3' title="bbox 159 513 1292 1593">
     <span class='ocr_line' id='line_1_3' title="bbox 221 513 1205 591; baseline -0.007 -12"><span class='ocrx_word' id='word_1_11' title='bbox 221 522 258 579; x_wconf 92' lang='lat' dir='ltr'><strong>el.</strong></span> <span class='ocrx_word' id='word_1_12' title='bbox 277 521 304 578; x_wconf 87' lang='lat'><strong>3.</strong></span> <span class='ocrx_word' id='word_1_13' title='bbox 330 520 357 576; x_wconf 80' lang='lat'><strong>4.</strong></span> <span class='ocrx_word' id='word_1_14' title='bbox 382 521 413 575; x_wconf 89' lang='lat' dir='ltr'><strong>ot</strong></span> <span class='ocrx_word' id='word_1_15' title='bbox 435 517 464 576; x_wconf 88' lang='grc'><strong>6.</strong></span> <span class='ocrx_word' id='word_1_16' title='bbox 501 515 608 574; x_wconf 88' lang='lat' dir='ltr'><strong>Merito</strong></span> <span class='ocrx_word' id='word_1_17' title='bbox 638 532 692 591; x_wconf 92' lang='lat' dir='ltr'><strong>pro</strong></span> <span class='ocrx_word' id='word_1_18' title='bbox 719 515 821 574; x_wconf 89' lang='lat' dir='ltr'><strong>cadem</strong></span> <span class='ocrx_word' id='word_1_19' title='bbox 846 513 990 571; x_wconf 88' lang='lat' dir='ltr'><strong>sententia</strong></span> <span class='ocrx_word' id='word_1_20' title='bbox 1013 515 1205 588; x_wconf 77' lang='lat' dir='ltr'>propugnavit</span> 
     </span>
     <span class='ocr_line' id='line_1_4' title="bbox 222 597 1205 680; baseline -0.008 -10"><span class='ocrx_word' id='word_1_21' title='bbox 222 597 381 670; x_wconf 72' lang='lat' dir='ltr'><strong>Wucu&#39;err.</strong></span> <span class='ocrx_word' id='word_1_22' title='bbox 407 607 444 666; x_wconf 91' lang='lat' dir='ltr'><strong>de</strong></span> <span class='ocrx_word' id='word_1_23' title='bbox 466 608 534 666; x_wconf 84' lang='lat' dir='ltr'><strong>Var.</strong></span> <span class='ocrx_word' id='word_1_24' title='bbox 563 609 594 664; x_wconf 90' lang='lat' dir='ltr'><strong>et</strong></span> <span class='ocrx_word' id='word_1_25' title='bbox 619 607 699 664; x_wconf 83' lang='lat' dir='ltr'><strong>Cass.</strong></span> <span class='ocrx_word' id='word_1_26' title='bbox 727 621 757 680; x_wconf 88' lang='lat' dir='ltr'><strong>p.</strong></span> <span class='ocrx_word' id='word_1_27' title='bbox 786 605 841 662; x_wconf 82' lang='lat'><strong>235</strong></span> <span class='ocrx_word' id='word_1_28' title='bbox 860 619 904 676; x_wconf 89' lang='lat' dir='ltr'><strong>sq.</strong></span> <span class='ocrx_word' id='word_1_29' title='bbox 928 619 984 661; x_wconf 89' lang='lat' dir='ltr'><strong>nco</strong></span> <span class='ocrx_word' id='word_1_30' title='bbox 1005 603 1205 662; x_wconf 77' lang='lat' dir='ltr'><strong>labefactatam</strong></span> 
     </span>
     <span class='ocr_line' id='line_1_5' title="bbox 220 693 1206 770; baseline -0.004 -12"><span class='ocrx_word' id='word_1_31' title='bbox 220 717 285 758; x_wconf 85' lang='lat' dir='ltr'><strong>cam</strong></span> <span class='ocrx_word' id='word_1_32' title='bbox 308 703 339 757; x_wconf 91' lang='lat' dir='ltr'><strong>et</strong></span> <span class='ocrx_word' id='word_1_33' title='bbox 356 699 536 756; x_wconf 79' lang='lat' dir='ltr'><strong>immutatam</strong></span> <span class='ocrx_word' id='word_1_34' title='bbox 560 713 626 756; x_wconf 87' lang='lat' dir='ltr'><strong>esse</strong></span> <span class='ocrx_word' id='word_1_35' title='bbox 652 697 804 755; x_wconf 86' lang='lat' dir='ltr'><strong>confitetur</strong></span> <span class='ocrx_word' id='word_1_36' title='bbox 828 712 856 770; x_wconf 88' lang='lat' dir='ltr'><strong>p.</strong></span> <span class='ocrx_word' id='word_1_37' title='bbox 876 693 940 751; x_wconf 98' lang='grc'><strong>375.</strong></span> <span class='ocrx_word' id='word_1_38' title='bbox 966 693 1060 751; x_wconf 87' lang='lat' dir='ltr'><strong>doctis</strong></span> <span class='ocrx_word' id='word_1_39' title='bbox 1084 697 1206 754; x_wconf 68' lang='lat' dir='ltr'><strong>ueneat</strong></span> 
     </span>
     <span class='ocr_line' id='line_1_6' title="bbox 219 784 1207 870; baseline -0.005 -22"><span class='ocrx_word' id='word_1_40' title='bbox 219 791 339 865; x_wconf 88' lang='lat' dir='ltr'><strong>disputt</strong></span> <span class='ocrx_word' id='word_1_41' title='bbox 358 789 391 848; x_wconf 90' lang='lat' dir='ltr'><strong>in</strong></span> <span class='ocrx_word' id='word_1_42' title='bbox 407 790 453 847; x_wconf 92' lang='lat' dir='ltr'><strong>ed.</strong></span> <span class='ocrx_word' id='word_1_43' title='bbox 472 788 537 847; x_wconf 77' lang='lat' dir='ltr'><strong>Tib.</strong></span> <span class='ocrx_word' id='word_1_44' title='bbox 556 789 637 847; x_wconf 87' lang='lat' dir='ltr'><strong>Tom.</strong></span> <span class='ocrx_word' id='word_1_45' title='bbox 656 787 697 864; x_wconf 91' lang='lat'><strong>1.‚</strong></span> <span class='ocrx_word' id='word_1_46' title='bbox 723 787 877 859; x_wconf 78' lang='lat' dir='ltr'><strong>Glyceram</strong></span> <span class='ocrx_word' id='word_1_47' title='bbox 893 784 1081 870; x_wconf 78' lang='lat' dir='ltr'><strong>Horatianam</strong></span> <span class='ocrx_word' id='word_1_48' title='bbox 1098 785 1207 843; x_wconf 83' lang='lat' dir='ltr'>Tibulli</span> 
     </span>
     <span class='ocr_line' id='line_1_7' title="bbox 218 869 1292 957; baseline -0.007 -18"><span class='ocrx_word' id='word_1_49' title='bbox 218 880 358 940; x_wconf 87' lang='lat' dir='ltr'><strong>Nemesin</strong></span> <span class='ocrx_word' id='word_1_50' title='bbox 370 884 449 937; x_wconf 66' lang='lat' dir='ltr'><strong>‘esse</strong></span> <span class='ocrx_word' id='word_1_51' title='bbox 477 877 593 936; x_wconf 92' lang='lat' dir='ltr'><strong>omnino</strong></span> <span class='ocrx_word' id='word_1_52' title='bbox 621 877 754 950; x_wconf 82' lang='lat' dir='ltr'><strong>negantis</strong></span> <span class='ocrx_word' id='word_1_53' title='bbox 782 873 834 957; x_wconf 85' lang='lat' dir='ltr'><strong>(ot.</strong></span> <span class='ocrx_word' id='word_1_54' title='bbox 854 893 883 950; x_wconf 91' lang='lat' dir='ltr'><strong>p.</strong></span> <span class='ocrx_word' id='word_1_55' title='bbox 902 869 997 954; x_wconf 88' lang='lat' dir='ltr'><strong>XX.).</strong></span> <span class='ocrx_word' id='word_1_56' title='bbox 1033 876 1101 934; x_wconf 90' lang='lat' dir='ltr'><strong>Non</strong></span> <span class='ocrx_word' id='word_1_57' title='bbox 1124 881 1205 934; x_wconf 85' lang='lat' dir='ltr'><strong>recte</strong></span> <span class='ocrx_word' id='word_1_58' title='bbox 1288 925 1292 932; x_wconf 90' lang='lat'><strong>.</strong></span> 
     </span>
     <span class='ocr_line' id='line_1_8' title="bbox 218 966 1205 1044; baseline -0.004 -16"><span class='ocrx_word' id='word_1_59' title='bbox 218 974 317 1028; x_wconf 86' lang='lat' dir='ltr'><strong>autem</strong></span> <span class='ocrx_word' id='word_1_60' title='bbox 333 971 489 1029; x_wconf 80' lang='lat' dir='ltr'><strong>Weiche&#39;rt.</strong></span> <span class='ocrx_word' id='word_1_61' title='bbox 508 985 538 1044; x_wconf 96' lang='lat' dir='ltr'><strong>p.</strong></span> <span class='ocrx_word' id='word_1_62' title='bbox 557 968 622 1026; x_wconf 85' lang='grc'><strong>238.</strong></span> <span class='ocrx_word' id='word_1_63' title='bbox 647 983 764 1026; x_wconf 87' lang='lat' dir='ltr'><strong>carmen</strong></span> <span class='ocrx_word' id='word_1_64' title='bbox 786 966 900 1026; x_wconf 79' lang='lat' dir='ltr'><strong>Horatii</strong></span> <span class='ocrx_word' id='word_1_65' title='bbox 921 983 975 1040; x_wconf 89' lang='lat' dir='ltr'><strong>per</strong></span> <span class='ocrx_word' id='word_1_66' title='bbox 998 981 1064 1022; x_wconf 92' lang='lat' dir='ltr'><strong>ann.</strong></span> <span class='ocrx_word' id='word_1_67' title='bbox 1088 966 1153 1023; x_wconf 89' lang='grc'><strong>733.</strong></span> <span class='ocrx_word' id='word_1_68' title='bbox 1174 969 1205 1024; x_wconf 89' lang='lat' dir='ltr'><strong>ct</strong></span> 
     </span>
     <span class='ocr_line' id='line_1_9' title="bbox 219 1057 1204 1136; baseline -0.005 -17"><span class='ocrx_word' id='word_1_69' title='bbox 219 1062 266 1120; x_wconf 81' lang='grc'><strong>34.</strong></span> <span class='ocrx_word' id='word_1_70' title='bbox 285 1057 434 1119; x_wconf 82' lang='lat' dir='ltr'><strong>exaratum</strong></span> <span class='ocrx_word' id='word_1_71' title='bbox 453 1076 518 1116; x_wconf 83' lang='lat' dir='ltr'><strong>esse</strong></span> <span class='ocrx_word' id='word_1_72' title='bbox 537 1058 699 1133; x_wconf 88' lang='lat' dir='ltr'><strong>suspicatus</strong></span> <span class='ocrx_word' id='word_1_73' title='bbox 718 1061 773 1136; x_wconf 86' lang='lat' dir='ltr'><strong>est,</strong></span> <span class='ocrx_word' id='word_1_74' title='bbox 793 1058 903 1119; x_wconf 85' lang='lat' dir='ltr'><strong>seilicet</strong></span> <span class='ocrx_word' id='word_1_75' title='bbox 921 1057 1080 1129; x_wconf 81' lang='lat' dir='ltr'><strong>exvulgari</strong></span> <span class='ocrx_word' id='word_1_76' title='bbox 1091 1057 1204 1115; x_wconf 87' lang='lat' dir='ltr'><strong>ratione</strong></span> 
     </span>
     <span class='ocr_line' id='line_1_10' title="bbox 159 1147 1205 1226; baseline -0.007 -15"><span class='ocrx_word' id='word_1_77' title='bbox 159 1197 161 1202; x_wconf 67' lang='lat'><strong>,</strong></span> <span class='ocrx_word' id='word_1_78' title='bbox 219 1155 332 1211; x_wconf 86' lang='lat' dir='ltr'><strong>certum</strong></span> <span class='ocrx_word' id='word_1_79' title='bbox 350 1168 415 1208; x_wconf 88' lang='lat' dir='ltr'><strong>essa</strong></span> <span class='ocrx_word' id='word_1_80' title='bbox 433 1149 571 1226; x_wconf 81' lang='lat' dir='ltr'><strong>medens,</strong></span> <span class='ocrx_word' id='word_1_81' title='bbox 594 1147 702 1206; x_wconf 89' lang='lat' dir='ltr'><strong>librum</strong></span> <span class='ocrx_word' id='word_1_82' title='bbox 719 1149 840 1206; x_wconf 88' lang='lat' dir='ltr'><strong>odarum</strong></span> <span class='ocrx_word' id='word_1_83' title='bbox 856 1147 879 1206; x_wconf 93' lang='grc' dir='ltr'><strong>Ι.</strong></span> <span class='ocrx_word' id='word_1_84' title='bbox 899 1147 1026 1206; x_wconf 86' lang='lat' dir='ltr'><strong>carmina</strong></span> <span class='ocrx_word' id='word_1_85' title='bbox 1044 1147 1205 1225; x_wconf 80' lang='lat' dir='ltr'><strong>complecti,</strong></span> 
     </span>
     <span class='ocr_line' id='line_1_11' title="bbox 219 1232 1203 1319; baseline -0.003 -21"><span class='ocrx_word' id='word_1_86' title='bbox 219 1257 294 1316; x_wconf 88' lang='lat' dir='ltr'><strong>quae</strong></span> <span class='ocrx_word' id='word_1_87' title='bbox 322 1243 401 1300; x_wconf 86' lang='lat' dir='ltr'><strong>intra</strong></span> <span class='ocrx_word' id='word_1_88' title='bbox 428 1257 518 1300; x_wconf 89' lang='lat' dir='ltr'><strong>annos</strong></span> <span class='ocrx_word' id='word_1_89' title='bbox 549 1233 718 1298; x_wconf 80' lang='grc'><strong>718-736.</strong></span> <span class='ocrx_word' id='word_1_90' title='bbox 750 1240 910 1314; x_wconf 90' lang='lat' dir='ltr'><strong>composita</strong></span> <span class='ocrx_word' id='word_1_91' title='bbox 937 1235 1004 1296; x_wconf 81' lang='lat' dir='ltr'><strong>sint</strong></span> <span class='ocrx_word' id='word_1_92' title='bbox 1025 1232 1079 1319; x_wconf 87' lang='lat' dir='ltr'><strong>(cl.</strong></span> <span class='ocrx_word' id='word_1_93' title='bbox 1097 1239 1116 1294; x_wconf 88' lang='lat' dir='ltr'><strong>l.</strong></span> <span class='ocrx_word' id='word_1_94' title='bbox 1135 1238 1155 1296; x_wconf 96' lang='lat' dir='ltr'><strong>l.</strong></span> <span class='ocrx_word' id='word_1_95' title='bbox 1173 1255 1203 1312; x_wconf 87' lang='lat' dir='ltr'><strong>p.</strong></span> 
     </span>
     <span class='ocr_line' id='line_1_12' title="bbox 217 1326 1203 1414; baseline -0.005 -24"><span class='ocrx_word' id='word_1_96' title='bbox 217 1326 318 1414; x_wconf 78' lang='lat'><strong>237.)3</strong></span> <span class='ocrx_word' id='word_1_97' title='bbox 346 1330 581 1407; x_wconf 81' lang='lat' dir='ltr'><strong>circumspectius</strong></span> <span class='ocrx_word' id='word_1_98' title='bbox 599 1331 690 1388; x_wconf 88' lang='lat' dir='ltr'><strong>multo</strong></span> <span class='ocrx_word' id='word_1_99' title='bbox 710 1331 802 1389; x_wconf 84' lang='lat' dir='ltr'><strong>Carol.</strong></span> <span class='ocrx_word' id='word_1_100' title='bbox 821 1331 1002 1407; x_wconf 69' lang='lat' dir='ltr'><strong>uaccam,</strong></span> <span class='ocrx_word' id='word_1_101' title='bbox 1026 1329 1077 1402; x_wconf 91' lang='lat' dir='ltr'><strong>qui</strong></span> <span class='ocrx_word' id='word_1_102' title='bbox 1095 1328 1203 1386; x_wconf 88' lang='lat' dir='ltr'><strong>inscius</strong></span> 
     </span>
     <span class='ocr_line' id='line_1_13' title="bbox 218 1417 1202 1498; baseline -0.004 -18"><span class='ocrx_word' id='word_1_103' title='bbox 218 1423 250 1480; x_wconf 91' lang='lat' dir='ltr'><strong>in</strong></span> <span class='ocrx_word' id='word_1_104' title='bbox 279 1424 376 1481; x_wconf 74' lang='lat' dir='ltr'><strong>listris</strong></span> <span class='ocrx_word' id='word_1_105' title='bbox 406 1426 504 1497; x_wconf 87' lang='lat' dir='ltr'><strong>partes</strong></span> <span class='ocrx_word' id='word_1_106' title='bbox 534 1421 705 1498; x_wconf 80' lang='lat' dir='ltr'><strong>transierat,</strong></span> <span class='ocrx_word' id='word_1_107' title='bbox 735 1421 767 1478; x_wconf 91' lang='lat' dir='ltr'><strong>in</strong></span> <span class='ocrx_word' id='word_1_108' title='bbox 799 1423 849 1480; x_wconf 79' lang='lat' dir='ltr'><strong>vit.</strong></span> <span class='ocrx_word' id='word_1_109' title='bbox 873 1422 974 1478; x_wconf 88' lang='lat' dir='ltr'><strong>Horat.</strong></span> <span class='ocrx_word' id='word_1_110' title='bbox 998 1422 1058 1477; x_wconf 91' lang='lat' dir='ltr'><strong>not.</strong></span> <span class='ocrx_word' id='word_1_111' title='bbox 1083 1417 1147 1478; x_wconf 80' lang='grc'><strong>214.</strong></span> <span class='ocrx_word' id='word_1_112' title='bbox 1173 1436 1202 1493; x_wconf 93' lang='lat' dir='ltr'><strong>p.</strong></span> 
     </span>
     <span class='ocr_line' id='line_1_14' title="bbox 217 1506 1204 1593; baseline -0.005 -21"><span class='ocrx_word' id='word_1_113' title='bbox 217 1512 406 1574; x_wconf 78' lang='lat' dir='ltr'><strong>nxxxvnl.</strong></span> <span class='ocrx_word' id='word_1_114' title='bbox 427 1513 463 1570; x_wconf 87' lang='lat' dir='ltr'><strong>de</strong></span> <span class='ocrx_word' id='word_1_115' title='bbox 483 1528 560 1569; x_wconf 89' lang='lat' dir='ltr'><strong>anno</strong></span> <span class='ocrx_word' id='word_1_116' title='bbox 578 1511 642 1567; x_wconf 85' lang='grc'><strong>729.</strong></span> <span class='ocrx_word' id='word_1_117' title='bbox 662 1511 816 1589; x_wconf 82' lang='lat' dir='ltr'><strong>cogitavit,</strong></span> <span class='ocrx_word' id='word_1_118' title='bbox 842 1506 904 1593; x_wconf 89' lang='lat' dir='ltr'><strong>(lta</strong></span> <span class='ocrx_word' id='word_1_119' title='bbox 922 1511 1204 1570; x_wconf 73' lang='lat' dir='ltr'><strong>etiam-haebetae-</strong></span> 
     </span>
    </p>
   </div>
   <div class='ocr_carea' id='block_1_4' title="bbox 216 1594 1307 1682">
    <p class='ocr_par' dir='ltr' id='par_1_4' title="bbox 216 1594 1307 1682">
     <span class='ocr_line' id='line_1_15' title="bbox 216 1594 1307 1682; baseline -0.01 -19"><span class='ocrx_word' id='word_1_120' title='bbox 216 1620 279 1663; x_wconf 79' lang='lat' dir='ltr'><strong>oue</strong></span> <span class='ocrx_word' id='word_1_121' title='bbox 295 1605 327 1660; x_wconf 88' lang='lat' dir='ltr'><strong>in</strong></span> <span class='ocrx_word' id='word_1_122' title='bbox 345 1603 457 1678; x_wconf 88' lang='lat' dir='ltr'><strong>epham.</strong></span> <span class='ocrx_word' id='word_1_123' title='bbox 476 1601 552 1658; x_wconf 88' lang='lat' dir='ltr'><strong>liter.</strong></span> <span class='ocrx_word' id='word_1_124' title='bbox 570 1600 688 1656; x_wconf 89' lang='lat' dir='ltr'><strong>Halens.</strong></span> <span class='ocrx_word' id='word_1_125' title='bbox 709 1600 790 1658; x_wconf 86' lang='grc'><strong>1836.</strong></span> <span class='ocrx_word' id='word_1_126' title='bbox 818 1602 886 1659; x_wconf 80' lang='lat' dir='ltr'><strong>lun.</strong></span> <span class='ocrx_word' id='word_1_127' title='bbox 903 1617 933 1676; x_wconf 93' lang='lat' dir='ltr'><strong>p.</strong></span> <span class='ocrx_word' id='word_1_128' title='bbox 952 1594 1050 1682; x_wconf 81' lang='grc'><strong>258),</strong></span> <span class='ocrx_word' id='word_1_129' title='bbox 1078 1617 1137 1676; x_wconf 89' lang='lat' dir='ltr'><strong>quo</strong></span> <span class='ocrx_word' id='word_1_130' title='bbox 1155 1601 1204 1660; x_wconf 82' lang='lat' dir='ltr'><strong>Ti·</strong></span> <span class='ocrx_word' id='word_1_131' title='bbox 1304 1643 1307 1652; x_wconf 89' lang='lat'><strong>.</strong></span> 
     </span>
    </p>
   </div>
   <div class='ocr_carea' id='block_1_5' title="bbox 216 1685 1205 1773">
    <p class='ocr_par' dir='ltr' id='par_1_5' title="bbox 216 1685 1205 1773">
     <span class='ocr_line' id='line_1_16' title="bbox 216 1685 1205 1773; baseline 0.002 -23"><span class='ocrx_word' id='word_1_132' title='bbox 216 1691 313 1759; x_wconf 86' lang='lat' dir='ltr'><strong>bullus</strong></span> <span class='ocrx_word' id='word_1_133' title='bbox 340 1693 450 1762; x_wconf 81' lang='lat' dir='ltr'><strong>laesam</strong></span> <span class='ocrx_word' id='word_1_134' title='bbox 466 1693 589 1749; x_wconf 72' lang='lat' dir='ltr'><strong>immitis</strong></span> <span class='ocrx_word' id='word_1_135' title='bbox 616 1690 765 1766; x_wconf 75' lang='lat' dir='ltr'><strong>Glycerae</strong></span> <span class='ocrx_word' id='word_1_136' title='bbox 791 1685 886 1773; x_wconf 84' lang='lat' dir='ltr'><strong>(„der</strong></span> <span class='ocrx_word' id='word_1_137' title='bbox 909 1695 1063 1752; x_wconf 76' lang='lat' dir='ltr'><strong>anteidea</strong></span> <span class='ocrx_word' id='word_1_138' title='bbox 1080 1693 1205 1752; x_wconf 69' lang='lat' dir='ltr'><strong>Huldd’</strong></span> 
     </span>
    </p>
   </div>
   <div class='ocr_carea' id='block_1_6' title="bbox 104 1772 1201 1859">
    <p class='ocr_par' dir='ltr' id='par_1_6' title="bbox 104 1772 1201 1859">
     <span class='ocr_line' id='line_1_17' title="bbox 104 1772 1201 1859; baseline 0 -20"><span class='ocrx_word' id='word_1_139' title='bbox 104 1772 106 1778; x_wconf 70' lang='grc'><em>’</em></span> <span class='ocrx_word' id='word_1_140' title='bbox 216 1781 308 1840; x_wconf 84' lang='lat' dir='ltr'><strong>Jahn</strong></span> <span class='ocrx_word' id='word_1_141' title='bbox 321 1781 354 1838; x_wconf 91' lang='lat' dir='ltr'><strong>in</strong></span> <span class='ocrx_word' id='word_1_142' title='bbox 372 1781 442 1838; x_wconf 81' lang='lat' dir='ltr'><strong>edit.</strong></span> <span class='ocrx_word' id='word_1_143' title='bbox 461 1781 488 1837; x_wconf 85' lang='lat'><strong>2.</strong></span> <span class='ocrx_word' id='word_1_144' title='bbox 508 1797 537 1854; x_wconf 91' lang='lat' dir='ltr'><strong>p.</strong></span> <span class='ocrx_word' id='word_1_145' title='bbox 556 1780 640 1857; x_wconf 67' lang='grc'><strong>2275</strong></span> <span class='ocrx_word' id='word_1_146' title='bbox 653 1783 859 1856; x_wconf 64' lang='lat' dir='ltr'><strong>„Delma”</strong></span> <span class='ocrx_word' id='word_1_147' title='bbox 875 1775 987 1842; x_wconf 87' lang='lat' dir='ltr'><strong>Weicb.</strong></span> <span class='ocrx_word' id='word_1_148' title='bbox 1006 1785 1026 1840; x_wconf 90' lang='lat' dir='ltr'><strong>l.</strong></span> <span class='ocrx_word' id='word_1_149' title='bbox 1045 1801 1070 1841; x_wconf 90' lang='lat' dir='ltr'><strong>c.</strong></span> <span class='ocrx_word' id='word_1_150' title='bbox 1089 1799 1117 1859; x_wconf 93' lang='lat' dir='ltr'><strong>p.</strong></span> <span class='ocrx_word' id='word_1_151' title='bbox 1137 1783 1201 1840; x_wconf 88' lang='grc'><strong>236.</strong></span> 
     </span>
    </p>
   </div>
   <div class='ocr_carea' id='block_1_7' title="bbox 128 1866 1204 2222">
    <p class='ocr_par' dir='ltr' id='par_1_7' title="bbox 128 1866 1204 2222">
     <span class='ocr_line' id='line_1_18' title="bbox 216 1866 1202 1951; baseline 0.002 -23"><span class='ocrx_word' id='word_1_152' title='bbox 216 1873 277 1928; x_wconf 91' lang='lat' dir='ltr'><strong>not.</strong></span> <span class='ocrx_word' id='word_1_153' title='bbox 302 1866 366 1951; x_wconf 89' lang='grc'><strong>27.)</strong></span> <span class='ocrx_word' id='word_1_154' title='bbox 393 1871 480 1930; x_wconf 86' lang='lat' dir='ltr'><strong>tidem</strong></span> <span class='ocrx_word' id='word_1_155' title='bbox 507 1870 709 1945; x_wconf 85' lang='lat' dir='ltr'><strong>deploraverit.</strong></span> <span class='ocrx_word' id='word_1_156' title='bbox 735 1871 818 1930; x_wconf 83' lang='lat' dir='ltr'><strong>&#39;Non</strong></span> <span class='ocrx_word' id='word_1_157' title='bbox 850 1877 947 1932; x_wconf 85' lang='lat' dir='ltr'><strong>tamen</strong></span> <span class='ocrx_word' id='word_1_158' title='bbox 981 1874 1038 1933; x_wconf 89' lang='lat' dir='ltr'><strong>sibi</strong></span> <span class='ocrx_word' id='word_1_159' title='bbox 1065 1875 1202 1932; x_wconf 71' lang='lat' dir='ltr'><strong>consulit.</strong></span> 
     </span>
     <span class='ocr_line' id='line_1_19' title="bbox 216 1961 1202 2039; baseline 0 -18"><span class='ocrx_word' id='word_1_160' title='bbox 216 1961 292 2022; x_wconf 87' lang='lat' dir='ltr'><strong>Nam</strong></span> <span class='ocrx_word' id='word_1_161' title='bbox 314 1962 346 2019; x_wconf 90' lang='lat' dir='ltr'><strong>in</strong></span> <span class='ocrx_word' id='word_1_162' title='bbox 369 1965 466 2020; x_wconf 88' lang='lat' dir='ltr'><strong>annot.</strong></span> <span class='ocrx_word' id='word_1_163' title='bbox 495 1961 557 2020; x_wconf 85' lang='lat'><strong>152.</strong></span> <span class='ocrx_word' id='word_1_164' title='bbox 587 1961 673 2019; x_wconf 86' lang='lat' dir='ltr'><strong>odam</strong></span> <span class='ocrx_word' id='word_1_165' title='bbox 702 1962 780 2020; x_wconf 87' lang='lat' dir='ltr'><strong>circa</strong></span> <span class='ocrx_word' id='word_1_166' title='bbox 810 1981 836 2021; x_wconf 92' lang='lat' dir='ltr'><strong>a.</strong></span> <span class='ocrx_word' id='word_1_167' title='bbox 856 1965 920 2022; x_wconf 87' lang='grc'><strong>726.</strong></span> <span class='ocrx_word' id='word_1_168' title='bbox 953 1966 1090 2039; x_wconf 81' lang='lat' dir='ltr'><strong>scriptam</strong></span> <span class='ocrx_word' id='word_1_169' title='bbox 1120 1965 1202 2024; x_wconf 79' lang='lat' dir='ltr'><strong>dixit.</strong></span> 
     </span>
     <span class='ocr_line' id='line_1_20' title="bbox 216 2051 1204 2129; baseline 0 -17"><span class='ocrx_word' id='word_1_170' title='bbox 216 2053 337 2112; x_wconf 77' lang='lat' dir='ltr'><strong>Frustra</strong></span> <span class='ocrx_word' id='word_1_171' title='bbox 354 2053 386 2110; x_wconf 92' lang='lat' dir='ltr'><strong>in</strong></span> <span class='ocrx_word' id='word_1_172' title='bbox 404 2052 492 2111; x_wconf 88' lang='lat' dir='ltr'><strong>tantis</strong></span> <span class='ocrx_word' id='word_1_173' title='bbox 511 2051 638 2110; x_wconf 87' lang='lat' dir='ltr'><strong>tenebris</strong></span> <span class='ocrx_word' id='word_1_174' title='bbox 657 2055 772 2127; x_wconf 85' lang='lat' dir='ltr'><strong>tempus</strong></span> <span class='ocrx_word' id='word_1_175' title='bbox 781 2055 946 2112; x_wconf 86' lang='lat' dir='ltr'><strong>natalicium</strong></span> <span class='ocrx_word' id='word_1_176' title='bbox 955 2071 1086 2129; x_wconf 83' lang='lat' dir='ltr'><strong>quaeras.</strong></span> <span class='ocrx_word' id='word_1_177' title='bbox 1105 2057 1141 2113; x_wconf 87' lang='lat' dir='ltr'><strong>A.</strong></span> <span class='ocrx_word' id='word_1_178' title='bbox 1155 2056 1204 2115; x_wconf 87' lang='lat' dir='ltr'><strong>Ti-</strong></span> 
     </span>
     <span class='ocr_line' id='line_1_21' title="bbox 128 2127 1202 2222; baseline -0.002 -19"><span class='ocrx_word' id='word_1_179' title='bbox 128 2127 131 2142; x_wconf 49' lang='lat'><em>*</em></span> <span class='ocrx_word' id='word_1_180' title='bbox 215 2144 312 2203; x_wconf 89' lang='lat' dir='ltr'><strong>bullus</strong></span> <span class='ocrx_word' id='word_1_181' title='bbox 331 2159 407 2201; x_wconf 87' lang='lat' dir='ltr'><strong>anno</strong></span> <span class='ocrx_word' id='word_1_182' title='bbox 425 2145 490 2200; x_wconf 83' lang='lat'><strong>719.</strong></span> <span class='ocrx_word' id='word_1_183' title='bbox 509 2143 630 2200; x_wconf 84' lang='lat' dir='ltr'><strong>Horatio</strong></span> <span class='ocrx_word' id='word_1_184' title='bbox 648 2144 776 2199; x_wconf 92' lang='lat' dir='ltr'><strong>nondum</strong></span> <span class='ocrx_word' id='word_1_185' title='bbox 794 2144 943 2206; x_wconf 81' lang='lat' dir='ltr'><strong>familiaris</strong></span> <span class='ocrx_word' id='word_1_186' title='bbox 962 2144 1051 2200; x_wconf 80' lang='lat' dir='ltr'><strong>tuisse</strong></span> <span class='ocrx_word' id='word_1_187' title='bbox 1072 2143 1202 2222; x_wconf 59' lang='lat' dir='ltr'><strong>videtum</strong></span> 
     </span>
    </p>
   </div>
   <div class='ocr_carea' id='block_1_8' title="bbox 124 2233 1202 2314">
    <p class='ocr_par' dir='ltr' id='par_1_8' title="bbox 124 2233 1202 2314">
     <span class='ocr_line' id='line_1_22' title="bbox 124 2233 1202 2314; baseline 0.003 -24"><span class='ocrx_word' id='word_1_188' title='bbox 124 2307 143 2314; x_wconf 28' lang='grc' dir='ltr'>Ν</span> <span class='ocrx_word' id='word_1_189' title='bbox 216 2248 284 2290; x_wconf 89' lang='lat' dir='ltr'><strong>nam</strong></span> <span class='ocrx_word' id='word_1_190' title='bbox 303 2234 360 2292; x_wconf 86' lang='lat' dir='ltr'><strong>Sat.</strong></span> <span class='ocrx_word' id='word_1_191' title='bbox 382 2234 415 2310; x_wconf 92' lang='lat' dir='ltr'><strong>l,</strong></span> <span class='ocrx_word' id='word_1_192' title='bbox 441 2235 485 2292; x_wconf 91' lang='lat'><strong>10.</strong></span> <span class='ocrx_word' id='word_1_193' title='bbox 510 2249 569 2292; x_wconf 90' lang='lat' dir='ltr'><strong>non</strong></span> <span class='ocrx_word' id='word_1_194' title='bbox 587 2233 618 2290; x_wconf 93' lang='lat' dir='ltr'><strong>in</strong></span> <span class='ocrx_word' id='word_1_195' title='bbox 637 2248 803 2309; x_wconf 90' lang='lat' dir='ltr'><strong>censomm,</strong></span> <span class='ocrx_word' id='word_1_196' title='bbox 827 2235 971 2290; x_wconf 81' lang='lat' dir='ltr'><strong>lautomm</strong></span> <span class='ocrx_word' id='word_1_197' title='bbox 989 2233 1202 2308; x_wconf 86' lang='lat' dir='ltr'><strong>amicorumque</strong></span> 
     </span>
    </p>
   </div>
   <div class='ocr_carea' id='block_1_9' title="bbox 215 2322 1200 2396">
    <p class='ocr_par' dir='ltr' id='par_1_9' title="bbox 215 2322 1200 2396">
     <span class='ocr_line' id='line_1_23' title="bbox 215 2322 1200 2396; baseline 0.002 -16"><span class='ocrx_word' id='word_1_198' title='bbox 215 2339 337 2380; x_wconf 88' lang='lat' dir='ltr'><strong>numero</strong></span> <span class='ocrx_word' id='word_1_199' title='bbox 363 2325 494 2382; x_wconf 86' lang='lat' dir='ltr'><strong>refertur.</strong></span> <span class='ocrx_word' id='word_1_200' title='bbox 540 2324 698 2396; x_wconf 82' lang='lat' dir='ltr'><strong>Utrumque</strong></span> <span class='ocrx_word' id='word_1_201' title='bbox 726 2322 870 2380; x_wconf 86' lang='lat' dir='ltr'><strong>amicitiae</strong></span> <span class='ocrx_word' id='word_1_202' title='bbox 897 2323 1013 2395; x_wconf 82' lang='lat' dir='ltr'><strong>vinculo</strong></span> <span class='ocrx_word' id='word_1_203' title='bbox 1040 2339 1107 2382; x_wconf 88' lang='lat' dir='ltr'><strong>ann.</strong></span> <span class='ocrx_word' id='word_1_204' title='bbox 1134 2325 1200 2384; x_wconf 86' lang='grc'><strong>722.</strong></span> 
     </span>
    </p>
   </div>
   <div class='ocr_carea' id='block_1_10' title="bbox 91 2413 1201 2492">
    <p class='ocr_par' dir='ltr' id='par_1_10' title="bbox 91 2413 1201 2492">
     <span class='ocr_line' id='line_1_24' title="bbox 91 2413 1201 2492; baseline 0 -20"><span class='ocrx_word' id='word_1_205' title='bbox 91 2455 92 2460; x_wconf 42' lang='lat'><strong>.</strong></span> <span class='ocrx_word' id='word_1_206' title='bbox 216 2416 268 2472; x_wconf 86' lang='lat' dir='ltr'><strong>aut</strong></span> <span class='ocrx_word' id='word_1_207' title='bbox 285 2413 348 2473; x_wconf 91' lang='grc'><strong>723.</strong></span> <span class='ocrx_word' id='word_1_208' title='bbox 367 2415 532 2488; x_wconf 87' lang='lat' dir='ltr'><strong>copulatum</strong></span> <span class='ocrx_word' id='word_1_209' title='bbox 555 2429 620 2470; x_wconf 86' lang='lat' dir='ltr'><strong>esse</strong></span> <span class='ocrx_word' id='word_1_210' title='bbox 645 2413 761 2486; x_wconf 81' lang='lat' dir='ltr'><strong>conjicit</strong></span> <span class='ocrx_word' id='word_1_211' title='bbox 783 2414 900 2472; x_wconf 86' lang='lat' dir='ltr'><strong>Passov.</strong></span> <span class='ocrx_word' id='word_1_212' title='bbox 924 2413 957 2470; x_wconf 92' lang='lat' dir='ltr'><strong>in</strong></span> <span class='ocrx_word' id='word_1_213' title='bbox 973 2415 1026 2472; x_wconf 82' lang='lat' dir='ltr'><strong>vit.</strong></span> <span class='ocrx_word' id='word_1_214' title='bbox 1045 2417 1106 2474; x_wconf 87' lang='lat' dir='ltr'><strong>not</strong></span> <span class='ocrx_word' id='word_1_215' title='bbox 1125 2416 1201 2492; x_wconf 79' lang='lat'><strong>152,</strong></span> 
     </span>
    </p>
   </div>
   <div class='ocr_carea' id='block_1_11' title="bbox 215 2501 1202 2676">
    <p class='ocr_par' dir='ltr' id='par_1_11' title="bbox 215 2501 1202 2676">
     <span class='ocr_line' id='line_1_25' title="bbox 215 2501 1202 2587; baseline 0.003 -25"><span class='ocrx_word' id='word_1_216' title='bbox 215 2504 360 2579; x_wconf 87' lang='lat' dir='ltr'><strong>probabili</strong></span> <span class='ocrx_word' id='word_1_217' title='bbox 378 2521 447 2562; x_wconf 90' lang='lat' dir='ltr'><strong>sana</strong></span> <span class='ocrx_word' id='word_1_218' title='bbox 465 2505 602 2580; x_wconf 81' lang='lat' dir='ltr'><strong>ratione,</strong></span> <span class='ocrx_word' id='word_1_219' title='bbox 612 2503 639 2560; x_wconf 90' lang='lat' dir='ltr'><strong>si</strong></span> <span class='ocrx_word' id='word_1_220' title='bbox 656 2520 757 2562; x_wconf 89' lang='lat' dir='ltr'><strong>verum</strong></span> <span class='ocrx_word' id='word_1_221' title='bbox 775 2507 837 2581; x_wconf 89' lang='lat' dir='ltr'><strong>est,</strong></span> <span class='ocrx_word' id='word_1_222' title='bbox 861 2503 940 2579; x_wconf 89' lang='lat' dir='ltr'><strong>quod</strong></span> <span class='ocrx_word' id='word_1_223' title='bbox 956 2506 1110 2564; x_wconf 81' lang='lat' dir='ltr'><strong>Disaenius</strong></span> <span class='ocrx_word' id='word_1_224' title='bbox 1128 2501 1202 2587; x_wconf 83' lang='lat' dir='ltr'><strong>(vol.</strong></span> 
     </span>
     <span class='ocr_line' id='line_1_26' title="bbox 215 2588 1202 2676; baseline 0.001 -22"><span class='ocrx_word' id='word_1_225' title='bbox 215 2594 239 2654; x_wconf 94' lang='lat'><strong>1.</strong></span> <span class='ocrx_word' id='word_1_226' title='bbox 258 2612 289 2668; x_wconf 90' lang='lat' dir='ltr'><strong>p.</strong></span> <span class='ocrx_word' id='word_1_227' title='bbox 307 2588 402 2676; x_wconf 84' lang='lat' dir='ltr'><strong>XVI.)</strong></span> <span class='ocrx_word' id='word_1_228' title='bbox 422 2595 511 2673; x_wconf 78' lang='lat' dir='ltr'><strong>dixit,</strong></span> <span class='ocrx_word' id='word_1_229' title='bbox 536 2593 682 2655; x_wconf 83' lang='lat' dir='ltr'><strong>Tibullum</strong></span> <span class='ocrx_word' id='word_1_230' title='bbox 706 2593 851 2670; x_wconf 86' lang='lat' dir='ltr'><strong>stipendia</strong></span> <span class='ocrx_word' id='word_1_231' title='bbox 870 2597 1016 2669; x_wconf 83' lang='lat' dir='ltr'><strong>equestria</strong></span> <span class='ocrx_word' id='word_1_232' title='bbox 1034 2597 1202 2658; x_wconf 89' lang='lat' dir='ltr'><strong>meritumm</strong></span> 
     </span>
    </p>
   </div>
   <div class='ocr_carea' id='block_1_12' title="bbox 115 2685 1201 2762">
    <p class='ocr_par' dir='ltr' id='par_1_12' title="bbox 115 2685 1201 2762">
     <span class='ocr_line' id='line_1_27' title="bbox 115 2685 1201 2762; baseline 0.005 -21"><span class='ocrx_word' id='word_1_233' title='bbox 115 2743 117 2760; x_wconf 40' lang='lat'>¹</span> <span class='ocrx_word' id='word_1_234' title='bbox 217 2700 294 2742; x_wconf 88' lang='lat' dir='ltr'><strong>anno</strong></span> <span class='ocrx_word' id='word_1_235' title='bbox 312 2685 377 2741; x_wconf 88' lang='grc'><strong>712.</strong></span> <span class='ocrx_word' id='word_1_236' title='bbox 396 2686 519 2742; x_wconf 88' lang='lat' dir='ltr'><strong>Penates</strong></span> <span class='ocrx_word' id='word_1_237' title='bbox 536 2685 699 2762; x_wconf 81' lang='lat' dir='ltr'><strong>reliquisse,</strong></span> <span class='ocrx_word' id='word_1_238' title='bbox 719 2688 749 2741; x_wconf 87' lang='lat' dir='ltr'><strong>et</strong></span> <span class='ocrx_word' id='word_1_239' title='bbox 767 2699 842 2742; x_wconf 91' lang='lat' dir='ltr'><strong>anno</strong></span> <span class='ocrx_word' id='word_1_240' title='bbox 862 2685 977 2743; x_wconf 88' lang='lat' dir='ltr'><strong>demum</strong></span> <span class='ocrx_word' id='word_1_241' title='bbox 996 2687 1059 2744; x_wconf 86' lang='grc'><strong>722.</strong></span> <span class='ocrx_word' id='word_1_242' title='bbox 1078 2687 1201 2746; x_wconf 89' lang='lat' dir='ltr'><strong>rediisse</strong></span> 
     </span>
    </p>
   </div>
   <div class='ocr_carea' id='block_1_13' title="bbox 216 2766 1201 3016">
    <p class='ocr_par' dir='ltr' id='par_1_13' title="bbox 216 2766 1201 3016">
     <span class='ocr_line' id='line_1_28' title="bbox 216 2766 1200 2860; baseline 0.005 -27"><span class='ocrx_word' id='word_1_243' title='bbox 216 2773 348 2834; x_wconf 78' lang='lat' dir='ltr'><strong>Romam</strong></span> <span class='ocrx_word' id='word_1_244' title='bbox 386 2775 443 2833; x_wconf 89' lang='lat' dir='ltr'><strong>Sed</strong></span> <span class='ocrx_word' id='word_1_245' title='bbox 470 2776 592 2860; x_wconf 84' lang='lat' dir='ltr'><strong>Jahnius</strong></span> <span class='ocrx_word' id='word_1_246' title='bbox 619 2776 652 2832; x_wconf 90' lang='lat' dir='ltr'><strong>in</strong></span> <span class='ocrx_word' id='word_1_247' title='bbox 678 2775 772 2833; x_wconf 90' lang='lat' dir='ltr'><strong>annal.</strong></span> <span class='ocrx_word' id='word_1_248' title='bbox 801 2777 858 2833; x_wconf 83' lang='lat' dir='ltr'><strong>vol.</strong></span> <span class='ocrx_word' id='word_1_249' title='bbox 876 2766 914 2834; x_wconf 87' lang='lat'><strong>11.</strong></span> <span class='ocrx_word' id='word_1_250' title='bbox 942 2780 1009 2834; x_wconf 80' lang='lat' dir='ltr'><strong>fasc.</strong></span> <span class='ocrx_word' id='word_1_251' title='bbox 1030 2777 1057 2834; x_wconf 89' lang='grc'><strong>2.</strong></span> <span class='ocrx_word' id='word_1_252' title='bbox 1085 2795 1114 2853; x_wconf 93' lang='lat' dir='ltr'><strong>p.</strong></span> <span class='ocrx_word' id='word_1_253' title='bbox 1134 2779 1200 2838; x_wconf 78' lang='lat' dir='ltr'><strong>alo.</strong></span> 
     </span>
     <span class='ocr_line' id='line_1_29' title="bbox 216 2865 1201 2940; baseline 0.006 -17"><span class='ocrx_word' id='word_1_254' title='bbox 216 2880 293 2924; x_wconf 89' lang='lat' dir='ltr'><strong>anno</strong></span> <span class='ocrx_word' id='word_1_255' title='bbox 317 2865 432 2924; x_wconf 88' lang='lat' dir='ltr'><strong>demum</strong></span> <span class='ocrx_word' id='word_1_256' title='bbox 461 2865 525 2925; x_wconf 93' lang='grc'><strong>727.</strong></span> <span class='ocrx_word' id='word_1_257' title='bbox 555 2865 706 2926; x_wconf 88' lang='lat' dir='ltr'><strong>Horatium</strong></span> <span class='ocrx_word' id='word_1_258' title='bbox 737 2868 768 2924; x_wconf 89' lang='lat' dir='ltr'><strong>et</strong></span> <span class='ocrx_word' id='word_1_259' title='bbox 797 2865 950 2940; x_wconf 67' lang='lat' dir='ltr'><strong>Tibullum¹</strong></span> <span class='ocrx_word' id='word_1_260' title='bbox 972 2867 1092 2926; x_wconf 89' lang='lat' dir='ltr'><strong>amicos·</strong></span> <span class='ocrx_word' id='word_1_261' title='bbox 1109 2871 1201 2929; x_wconf 86' lang='lat' dir='ltr'><strong>laotos</strong></span> 
     </span>
     <span class='ocr_line' id='line_1_30' title="bbox 217 2960 408 3016; baseline 0.016 -3"><span class='ocrx_word' id='word_1_262' title='bbox 217 2971 281 3015; x_wconf 88' lang='lat' dir='ltr'><strong>esse</strong></span> <span class='ocrx_word' id='word_1_263' title='bbox 300 2960 408 3016; x_wconf 84' lang='lat' dir='ltr'><strong>censet.</strong></span> 
     </span>
    </p>
   </div>
   <div class='ocr_carea' id='block_1_14' title="bbox 140 3137 1198 3578">
    <p class='ocr_par' dir='ltr' id='par_1_14' title="bbox 140 3137 1198 3578">
     <span class='ocr_line' id='line_1_31' title="bbox 291 3137 1198 3218; baseline 0.007 -23"><span class='ocrx_word' id='word_1_264' title='bbox 291 3137 471 3198; x_wconf 66' lang='lat' dir='ltr'><strong>timim</strong></span> <span class='ocrx_word' id='word_1_265' title='bbox 482 3143 645 3204; x_wconf 73' lang='lat' dir='ltr'><strong>xxxiv·</strong></span> <span class='ocrx_word' id='word_1_266' title='bbox 676 3139 974 3218; x_wconf 57' lang='lat' dir='ltr'><strong>„Pomdeorum”</strong></span> <span class='ocrx_word' id='word_1_267' title='bbox 992 3140 1141 3218; x_wconf 87' lang='lat' dir='ltr'><strong>probabile</strong></span> <span class='ocrx_word' id='word_1_268' title='bbox 1154 3146 1198 3202; x_wconf 90' lang='lat' dir='ltr'><strong>est</strong></span> 
     </span>
     <span class='ocr_line' id='line_1_32' title="bbox 218 3223 1197 3310; baseline 0.008 -26"><span class='ocrx_word' id='word_1_269' title='bbox 218 3225 356 3301; x_wconf 86' lang='lat' dir='ltr'><strong>scriptum</strong></span> <span class='ocrx_word' id='word_1_270' title='bbox 373 3249 438 3289; x_wconf 87' lang='lat' dir='ltr'><strong>esse</strong></span> <span class='ocrx_word' id='word_1_271' title='bbox 456 3247 531 3288; x_wconf 88' lang='lat' dir='ltr'><strong>anno</strong></span> <span class='ocrx_word' id='word_1_272' title='bbox 550 3233 611 3288; x_wconf 86' lang='lat' dir='ltr'><strong>lare</strong></span> <span class='ocrx_word' id='word_1_273' title='bbox 629 3232 705 3309; x_wconf 79' lang='grc'><strong>7311,</strong></span> <span class='ocrx_word' id='word_1_274' title='bbox 723 3223 788 3294; x_wconf 84' lang='lat' dir='ltr'><strong>cum</strong></span> <span class='ocrx_word' id='word_1_275' title='bbox 799 3233 969 3291; x_wconf 82' lang='lat' dir='ltr'><strong>Parthorum</strong></span> <span class='ocrx_word' id='word_1_276' title='bbox 984 3249 1104 3306; x_wconf 86' lang='lat' dir='ltr'><strong>regnum</strong></span> <span class='ocrx_word' id='word_1_277' title='bbox 1115 3235 1197 3310; x_wconf 90' lang='lat' dir='ltr'><strong>pulso</strong></span> 
     </span>
     <span class='ocr_line' id='line_1_33' title="bbox 140 3317 1197 3406; baseline 0.003 -29"><span class='ocrx_word' id='word_1_278' title='bbox 140 3329 142 3336; x_wconf 81' lang='grc'><strong>“</strong></span> <span class='ocrx_word' id='word_1_279' title='bbox 219 3317 355 3378; x_wconf 87' lang='lat' dir='ltr'><strong>Teridate</strong></span> <span class='ocrx_word' id='word_1_280' title='bbox 373 3320 508 3378; x_wconf 88' lang='lat' dir='ltr'><strong>rediisset</strong></span> <span class='ocrx_word' id='word_1_281' title='bbox 534 3335 647 3380; x_wconf 88' lang='lat' dir='ltr'><strong>rursum</strong></span> <span class='ocrx_word' id='word_1_282' title='bbox 675 3323 713 3379; x_wconf 89' lang='lat' dir='ltr'><strong>ad</strong></span> <span class='ocrx_word' id='word_1_283' title='bbox 739 3323 892 3381; x_wconf 89' lang='lat' dir='ltr'><strong>Phraatem</strong></span> <span class='ocrx_word' id='word_1_284' title='bbox 919 3319 971 3406; x_wconf 84' lang='lat' dir='ltr'><strong>(ol.</strong></span> <span class='ocrx_word' id='word_1_285' title='bbox 991 3325 1038 3382; x_wconf 92' lang='lat' dir='ltr'><strong>cd.</strong></span> <span class='ocrx_word' id='word_1_286' title='bbox 1058 3326 1085 3402; x_wconf 86' lang='lat'><strong>1,</strong></span> <span class='ocrx_word' id='word_1_287' title='bbox 1102 3325 1148 3382; x_wconf 89' lang='grc'><strong>26.</strong></span> <span class='ocrx_word' id='word_1_288' title='bbox 1167 3324 1197 3402; x_wconf 84' lang='grc'><strong>2,</strong></span> 
     </span>
     <span class='ocr_line' id='line_1_34' title="bbox 217 3404 1195 3492; baseline 0.01 -28"><span class='ocrx_word' id='word_1_289' title='bbox 217 3404 336 3490; x_wconf 91' lang='grc'><strong>2.17.).</strong></span> <span class='ocrx_word' id='word_1_290' title='bbox 374 3409 454 3474; x_wconf 87' lang='lat' dir='ltr'><strong>Hane</strong></span> <span class='ocrx_word' id='word_1_291' title='bbox 478 3411 555 3470; x_wconf 86' lang='lat' dir='ltr'><strong>enim</strong></span> <span class='ocrx_word' id='word_1_292' title='bbox 579 3429 652 3492; x_wconf 29' lang='lat' dir='ltr'><strong>rem,</strong></span> <span class='ocrx_word' id='word_1_293' title='bbox 665 3413 830 3486; x_wconf 83' lang='lat' dir='ltr'><strong>respexisse</strong></span> <span class='ocrx_word' id='word_1_294' title='bbox 854 3413 971 3474; x_wconf 85' lang='lat' dir='ltr'><strong>videtur</strong></span> <span class='ocrx_word' id='word_1_295' title='bbox 992 3419 1080 3492; x_wconf 88' lang='lat' dir='ltr'><strong>poeta</strong></span> <span class='ocrx_word' id='word_1_296' title='bbox 1103 3417 1135 3476; x_wconf 89' lang='lat' dir='ltr'><strong>in</strong></span> <span class='ocrx_word' id='word_1_297' title='bbox 1152 3433 1195 3475; x_wconf 87' lang='lat' dir='ltr'><strong>vs.</strong></span> 
     </span>
     <span class='ocr_line' id='line_1_35' title="bbox 219 3499 331 3578; baseline 0.027 -21"><span class='ocrx_word' id='word_1_298' title='bbox 219 3499 254 3558; x_wconf 83' lang='grc'><strong>14</strong></span> <span class='ocrx_word' id='word_1_299' title='bbox 273 3516 331 3578; x_wconf 83' lang='lat' dir='ltr'><strong>sq.=</strong></span> 
     </span>
    </p>
   </div>
   <div class='ocr_carea' id='block_1_15' title="bbox 362 3553 940 3850">
    <p class='ocr_par' dir='ltr' id='par_1_15' title="bbox 362 3553 940 3850">
     <span class='ocr_line' id='line_1_36' title="bbox 471 3553 931 3682; baseline 0.009 -33"><span class='ocrx_word' id='word_1_300' title='bbox 471 3673 473 3678; x_wconf 23' lang='grc' dir='ltr'>Ι</span> <span class='ocrx_word' id='word_1_301' title='bbox 606 3590 681 3650; x_wconf 88' lang='lat' dir='ltr'><strong>Hinc</strong></span> <span class='ocrx_word' id='word_1_302' title='bbox 699 3563 814 3666; x_wconf 75' lang='lat' dir='ltr'><strong>optem</strong></span> <span class='ocrx_word' id='word_1_303' title='bbox 831 3553 931 3682; x_wconf 41' lang='lat' dir='ltr'><strong>rapax,</strong></span> 
     </span>
     <span class='ocr_line' id='line_1_37' title="bbox 362 3681 940 3766; baseline -0.002 -23"><span class='ocrx_word' id='word_1_304' title='bbox 362 3681 489 3743; x_wconf 87' lang='lat' dir='ltr'><strong>Fortuna</strong></span> <span class='ocrx_word' id='word_1_305' title='bbox 506 3695 572 3738; x_wconf 88' lang='lat' dir='ltr'><strong>cum</strong></span> <span class='ocrx_word' id='word_1_306' title='bbox 591 3681 712 3740; x_wconf 86' lang='lat' dir='ltr'><strong>stridore</strong></span> <span class='ocrx_word' id='word_1_307' title='bbox 731 3686 816 3741; x_wconf 87' lang='lat' dir='ltr'><strong>acuto</strong></span> <span class='ocrx_word' id='word_1_308' title='bbox 938 3755 940 3766; x_wconf 35' lang='grc' dir='ltr'>Ι</span> 
     </span>
     <span class='ocr_line' id='line_1_38' title="bbox 412 3771 890 3850; baseline 0.002 -19"><span class='ocrx_word' id='word_1_309' title='bbox 412 3772 542 3850; x_wconf 86' lang='lat' dir='ltr'><strong>Sustulit,</strong></span> <span class='ocrx_word' id='word_1_310' title='bbox 561 3771 608 3834; x_wconf 90' lang='lat' dir='ltr'><strong>hic</strong></span> <span class='ocrx_word' id='word_1_311' title='bbox 626 3773 757 3848; x_wconf 87' lang='lat' dir='ltr'><strong>posuisse</strong></span> <span class='ocrx_word' id='word_1_312' title='bbox 776 3775 890 3848; x_wconf 83' lang='lat' dir='ltr'><strong>gaudet.</strong></span> 
     </span>
    </p>
   </div>
   <div class='ocr_carea' id='block_1_16' title="bbox 0 0 1392 4582">
    <p class='ocr_par' dir='ltr' id='par_1_16' title="bbox 0 0 1392 4582">
     <span class='ocr_line' id='line_1_39' title="bbox 0 0 1392 4582; baseline 0 0"><span class='ocrx_word' id='word_1_313' title='bbox 0 0 1392 4582; x_wconf 95' lang='lat' dir='ltr'><strong> </strong></span> 
     </span>
    </p>
   </div>
  </div>
 </body>
</html>
