2776 4582
589 279 870 382 ηιμ.

325 423 504 516 'imparium
523 443 657 522 meane,
676 447 782 504 ramam
801 447 853 522 qur
870 446 1007 504 armana
1025 447 1123 525 atas,

348 537 462 610 sutas,
483 551 504 591 a
522 543 634 610 maqas
653 541 819 596 demissam
834 553 945 598 nomen
962 539 1044 596 Juto.

199 629 302 702 Neque
325 643 395 684 vero
420 625 456 682 de
481 625 556 682 Jano
580 627 717 684 obserato
743 629 849 704 tacuit,
882 628 950 686 sed:
981 625 1120 704 „Dirae”
1148 627 1192 684 in-
1253 706 1263 730 x

200 721 264 793 quit
280 737 309 778 v.
329 719 411 776 29³³

179 812 182 818 '
332 884 334 888 .
494 839 533 853 -
550 813 638 868 dirae
653 807 736 882 ferre
756 817 786 870 et
803 812 997 885 coaepapttets
1016 811 1111 868 aretis

350 895 537 960 amedeum
556 901 626 960 tetta·
639 909 756 974 portae.
1008 915 1011 927 ·

198 989 312 1056 Quodsi
328 991 418 1061 igitur
437 992 542 1067 satira,
568 993 610 1048 de·
629 1007 687 1064 qua
711 992 838 1069 agimus,
864 994 932 1048 ante
951 1006 1077 1065 pugnam
1092 991 1191 1049 Aetia-

197 1097 261 1139 eam
281 1084 319 1138 et
341 1085 411 1154 post
433 1099 459 1138 a.
485 1081 549 1138 728.
577 1083 685 1158 scripta
714 1087 774 1160 est,
805 1083 997 1140 vehementer
1022 1096 1125 1140 vereor
1152 1097 1190 1140 ne

196 1186 298 1230 venum
316 1171 427 1228 viderit·
439 1173 628 1249 ‘Grstefend.,
654 1173 704 1246 qui
721 1173 740 1230 l.
760 1175 780 1231 l.
801 1191 866 1232 eam
885 1177 933 1231 ust'
947 1189 1019 1231 aas.
1040 1175 1118 1230 722.
1137 1191 1190 1230 re·
1301 1164 1303 1173 '

195 1263 278 1340 tuta,
303 1266 461 1337 propterea
486 1263 619 1339 quidem,
646 1265 724 1338 qued
748 1265 971 1338 praecedentem
995 1263 1142 1337 exceperit
1162 1265 1192 1320 et

195 1355 385 1411 antecesserit
403 1355 534 1428 pmxinre
555 1358 731 1428 sequentem.
769 1353 947 1427 improbarit
971 1355 1027 1411 hee
1047 1353 1191 1413 Obbarius

194 1444 226 1500 in
244 1444 367 1502 Seebod.
388 1446 473 1503 Jahn.
494 1449 525 1502 et
542 1446 635 1502 Klotz.
655 1445 750 1502 annai.
770 1445 827 1503 nol.
854 1445 898 1500 15.
918 1461 948 1517 p.
967 1443 1031 1522 62,
1054 1446 1191 1500 nimirum

193 1534 306 1604 vulgari
326 1535 487 1594 adhaerens
507 1536 654 1612 opinioniq
674 1551 789 1608 exque
809 1535 928 1591 satiram
947 1537 1015 1608 post
1038 1551 1105 1592 ann.
1125 1535 1190 1592 723.

193 1628 291 1682 ortam-
306 1629 445 1684 statuunt.
483 1628 529 1685 Ita
547 1627 704 1684 Weiehert.
725 1642 753 1700 p.
772 1625 824 1682 rel.
844 1642 873 1699 p.
894 1626 959 1682 346.
978 1628 1038 1682 not.
1060 1621 1105 1682 Il.
1126 1641 1191 1683 eam

193 1733 219 1774 a.
239 1717 321 1793 726„
340 1718 458 1776 Passer.
478 1722 540 1775 not.
562 1718 625 1776 lte.
646 1721 678 1774 et
694 1717 813 1774 Kirehn.
839 1717 899 1774 tab.
926 1717 986 1774 chr.
1006 1717 1117 1793 a.4725.
1138 1717 1189 1774 ad·

113 1839 122 1846 -
194 1807 439 1882 seripserunt-
474 1809 625 1868 Heindorf.
646 1825 675 1880 p.
696 1809 760 1864 370.
780 1824 807 1864 a.
828 1808 979 1866 tls-21.

203 2030 228 2053 „
267 1985 430 2042 ΕΔΜ
452 1986 514 2042 vt.
546 1987 643 2063 „Hae
660 1993 782 2064 eratin
801 1989 898 2046 vora»
917 1989 1043 2044 aetatem
1063 1990 1108 2044 sat
1127 2003 1189 2046 eer-

191 2075 232 2132 tis
250 2076 365 2134 indteiis
383 2076 491 2150 prodit.
530 2078 636 2136 Narrat
662 2082 750 2153 poeta
778 2097 796 2136 a
825 2096 852 2136 v.
875 2079 921 2135 51.
954 2093 1187 2152 unumquemque

191 2169 267 2245 tere,
287 2168 338 2242 qui
358 2168 414 2232 sibi
433 2168 538 2226 obvius
558 2170 611 2245 sit,
632 2185 670 2226 ex
689 2188 721 2227 se
741 2180 880 2244 quaerere
898 2170 960 2225 itas

537 2259 585 2337 „0
604 2260 681 2318 bone
700 2254 789 2337 (nam
808 2263 838 2317 te

338 2351 435 2428 Scire,
455 2351 527 2408 deos
546 2353 683 2424 quoniam
701 2354 826 2425 propius
841 2351 1000 2428 contingis,
1021 2345 1152 2430 oportet)

231 2467 237 2476 ·
338 2445 496 2515 Numquid
514 2445 552 2500 de
563 2445 658 2500 Ducis
677 2435 813 2502 audisti?
832 2443 902 2518 „Nil
915 2441 1077 2514 equidem.”
1104 2439 1142 2499 Ut
1154 2430 1186 2498 tu

339 2533 461 2602 Semper
480 2531 538 2587 eris
557 2531 683 2588 derisor!
713 2533 775 2608 „Aa
793 2547 892 2588 omnes
905 2531 945 2588 Di
961 2532 1110 2604 exagitent
1127 2547 1184 2608 me,

339 2623 370 2678 Si
390 2621 575 2694 quiequam*
603 2618 702 2689 Quidt
714 2623 857 2680 militibus
866 2625 1016 2694 premissa
1026 2623 1186 2696 maqueda

313 2777 314 2782 .
336 2713 473 2770 Pruedtu
495 2713 610 2770 deesse
628 2729 670 2770 aa
689 2715 835 2771 estilota
850 2715 959 2772 tellure
978 2705 1152 2770 deterreas·?²²

188 2809 346 2864 Batavum
365 2803 492 2879 mentio,
521 2819 596 2876 quae
621 2803 654 2859 in
678 2803 724 2860 his
749 2805 827 2860 faeta
852 2806 913 2879 est,
939 2803 1044 2876 prebat
1063 2804 1183 2860 satiram

189 2896 277 2954 ser-ibi
294 2910 354 2952 nan
373 2894 504 2967 potuisse
525 2895 592 2951 ante
611 2895 696 2951 finem
715 2913 740 2952 a.
762 2895 844 2970 723„
864 2911 921 2968 quo
941 2895 1066 2967 primum
1075 2896 1183 2951 Roma-

186 2989 233 3044 nis
253 2985 400 3063 cum-iilis·
413 3002 461 3042 res
479 2985 542 3042 ruit
580 2987 655 3043 Nam
673 2989 740 3044 ante
759 3001 886 3062 pugnam
904 2985 1053 3042 Aetiaeam
1072 3003 1096 3042 a·
1111 2985 1182 3042 an-

105 3080 106 3083 ’
126 3086 131 3090 ”
188 3071 474 3152 saradim-esrum,
495 3091 569 3148 quae
588 3095 642 3151 per
660 3079 771 3148 legatos
791 3078 961 3151 petiissent,v
975 3075 1181 3150 adeptiAnto-

186 3169 323 3226 nie-sese
349 3167 526 3225 addixerant*
545 3171 586 3224 et'
601 3171 701 3225 ronna
723 3169 880 3225 Romanos·
894 3183 982 3224 arma·
999 3169 1181 3240 sumpserant
1238 3211 1242 3216 .

186 3248 261 3341 (Die
273 3261 320 3337 51,
339 3260 386 3316 22.
405 3260 475 3316 Hor.
495 3258 541 3315 ed.
562 3259 596 3334 3,
616 3257 643 3316 6.
666 3261 700 3317 13
714 3253 785 3339 sq).-
822 3258 879 3315 Sed
899 3275 963 3314 cunr
982 3259 1040 3332 ipsi
1058 3259 1134 3316 iuter
1147 3269 1190 3314 se‘

187 3350 378 3427 dissiderent,
403 3365 463 3405 non
485 3363 659 3424 magnopere
684 3350 857 3421 adjuverunt
874 3350 1050 3427 Antonium,
1080 3351 1179 3422 eaptu-

186 3459 306 3516 rumque
326 3441 444 3516 quidam
463 3457 528 3498 eum
540 3441 643 3498 Suevis
662 3441 799 3498 dimisere
819 3441 912 3498 eoacti
930 3435 1082 3520 sunt(Diu
1095 3441 1114 3496 l.
1127 3432 1179 3516 l.).
1296 3471 1300 3478 κ

186 3533 355 3590 Mun'serunt
379 3536 477 3590 tamen
505 3533 641 3610 Romanis
667 3532 856 3589 infestissimi.
894 3533 976 3589 Hine
996 3534 1118 3604 fautum,
1144 3530 1177 3584 ut

186 3623 313 3681 Antonio
332 3623 370 3680 ad
381 3624 500 3682 Aetium
512 3626 647 3696 superato
659 3620 732 3694 jam
741 3613 874 3684 mamre
885 3639 969 3682 anns
983 3623 1060 3680 723.
1079 3621 1176 3675 motus

188 3713 305 3772 cierent.
323 3717 399 3774 Nam
409 3717 542 3787 Augusto
548 3715 597 3773 Ν.
611 3715 727 3770 eonsule
740 3716 759 3772 i.
766 3732 792 3772 e.
809 3711 966 3772 annettt.
991 3713 1031 3768 M.
1041 3709 1179 3768 Crassum

188 3818 253 3862 eum
270 3807 359 3864 Daeis
378 3810 409 3865 et
426 3807 577 3866 Bastarnis
594 3819 739 3883 pugnasse
752 3806 859 3864 diserte
871 3804 1006 3882 perhibet
1016 3801 1074 3862 Dio
1095 3801 1177 3862 Cass.
1239 3877 1240 3884 ἵ
