2776 4582
513 275 751 354 q-aco‘-

162 457 229 502 nam
247 457 330 518 epac
346 440 479 518 inprimis
498 441 535 498 dc
552 441 704 500 Persarum
721 456 821 514 regum
835 441 922 519 pileo,
940 442 1025 521 tiara,
1043 443 1139 504 diade·

161 538 238 593 mate
257 534 363 592 dicitur
387 527 471 613 (Jani
488 531 527 590 ad
545 533 591 591 od
610 533 639 610 3,
657 534 703 591 29.
722 527 803 613 53.);
827 527 881 590 nec
898 533 1049 592 Horatium
1065 537 1141 593 veri·
1256 599 1258 607 .

161 625 255 706 simile
279 627 325 681 est
351 623 470 681 fortuito
494 626 525 680 et
542 623 616 681 hanc
642 641 742 682 vocem
765 639 919 698 usurpasse
944 626 974 681 ct
998 625 1036 682 de
1059 627 1142 700 apice
1162 653 1166 661 =

161 715 257 790 posito
282 717 313 772 et
331 714 444 775 sublato
467 713 594 772 locutum
618 731 691 772 esse.
728 713 807 772 Audi
830 713 1034 772 Buttmarmu'm
1058 714 1141 772 docte

161 807 364 880 eleganterque
383 805 461 880 hanc
475 805 667 878 coniecturam
691 806 733 863 ita
757 805 1004 863 commendantem
1026 806 1059 864 in
1075 805 1141 878 My·

161 896 231 954 thol.
259 899 329 954 tom.
354 896 377 954 J.
405 913 444 970 p..
463 896 519 954 321
543 895 585 970 sq.
594 890 608 956 τ’
641 896 821 973 ,dliteiner
844 895 1142 973 Zeituugsnachrioht,

160 1003 247 1044 wonn
264 987 312 1044 ich
330 1002 363 1042 so
383 1001 471 1058 sagen
495 987 573 1062 dari,
601 1004 653 1045 zur
674 988 868 1059 ‚Besttttigung
896 984 976 1044 eines
1008 987 1142 1046 Gemein-

159 1079 280 1154 platzcs,
300 1077 427 1134 sohldssc
446 1077 509 1135 sich
528 1078 592 1134 cine
612 1078 756 1152 erhabenc
769 1078 833 1136 Ode
851 1093 909 1135 von
925 1094 981 1135 nur
999 1079 1142 1137 scchzehn

160 1167 261 1226 Zoilen
278 1167 353 1224 nach
371 1167 491 1226 meiner'
503 1168 695 1242 Empfindung
719 1168 855 1242 schlecht
892 1168 973 1227 Aber
990 1169 1023 1226 in
1040 1184 1142 1240 ausge-

160 1258 281 1316 suchten
298 1256 419 1316 Worten
437 1258 588 1330 allgcmein
606 1260 747 1334 gelassen,
767 1259 927 1332 entspricht
938 1259 990 1318 der
1002 1259 1141 1317 Ge'danke
1264 1253 1269 1297 ῗ

160 1348 213 1406 der
229 1348 339 1426 Wjirde
359 1349 410 1406 des
428 1365 554 1426 gamen,
577 1349 716 1407 withrend
740 1348 805 1404 eine
831 1351 934 1420 emste
950 1350 1142 1427 Auspicium,

139 1463 142 1472 ’
160 1456 194 1498 so
210 1440 300 1514 leicht
317 1439 507 1516 angebracht‚
526 1439 617 1498 durch
635 1439 682 1496 die
700 1438 787 1518 wahl
799 1437 885 1496 'eines
910 1435 1041 1510 einzigen
1057 1442 1142 1498 Wor·

159 1533 215 1607 tes,
234 1547 271 1588 zu
290 1531 371 1588 einer
387 1531 468 1607 Zoit,
493 1533 541 1588 vio
554 1531 638 1602 jenes
657 1529 806 1599 Ereigniss
829 1523 1069 1590 wahrsclteinlich
1093 1530 1141 1588 die

131 1694 134 1703 Ι
159 1621 328 1692 ellgcmeinc
345 1620 610 1680 Auilnerksamkeit
632 1619 839 1696 bascharam,
862 1619 945 1678 nicht
969 1619 1078 1678 anders'
1098 1619 1165 1706 als*

159 1707 250 1769 einen
275 1712 379 1770 hdchst
408 1712 640 1785 wohlgemffigen
668 1709 818 1769 Eindruck
847 1709 969 1768 muchen
1002 1710 1143 1769 konntc.”

144 1802 233 1859 ‘Sanc
250 1802 354 1859 velex
372 1803 473 1861 erebra
499 1803 662 1876 mentione,
689 1815 776 1874 quam
793 1800 929 1858 Horatius
952 1817 1050 1861 rerum
1073 1802 1141 1860 Par·

104 1961 107 1978 .
158 1891 300 1948 thioorum
317 1892 401 1968 fecit,
420 1890 515 1962 colligi
533 1891 645 1967 potest,
670 1892 847 1963 quantopere.
865 1905 918 1946 eae
937 1889 1073 1947 Romanis
1092 1907 1140 1948 cu·

156 1997 208 2039 rac
227 1981 363 2054 cordique
381 1981 508 2038 luerint
533 1982 624 2039 'lotus
654 1979 798 2037 assentior
820 1979 1003 2039 Buttmauno.
1022 1981 1138 2040 Kirchn.

157 2072 216 2130 tub.
236 2073 334 2132 chron.
354 2072 417 2131 731.
438 2073 547 2145 Grotcl'.
565 2088 595 2147 p.
615 2071 719 2132 lita
738 2070 802 2130 726.
893 2121 896 2130 ,
1052 2060 1056 2094 ·’

230 2254 411 2314 uum
422 2259 568 2318 xxxv·
580 2257 721 2337 „odico
736 2215 879 2332 pratum„
896 2206 1055 2314 rectissime
1073 2256 1142 2330 post

155 2347 323 2406 Massonum
341 2342 425 2429 (sani
443 2350 540 2425 templ.
560 2365 649 2420 roser.
668 2364 697 2422 p.
716 2347 847 2405 82-87.
866 2347 1007 2405 vit'llor.
1026 2362 1055 2420 p.
1075 2346 1139 2403 128.

157 2441 188 2495 et
206 2433 287 2518 196.)
305 2439 480 2495 Kirchnerus
499 2439 659 2512 in'quacst.
678 2454 708 2510 p.
719 2437 745 2494 5.
758 2435 788 2514 ἓ.
797 2439 838 2513 9.,
857 2439 966 2494 Grotei.
985 2453 1014 2508 p.
1034 2436 1097 2495 47⁰.
1109 2436 1138 2493 b.

156 2527 262 2600 aliique
279 2528 440 2584 retulerunt
457 2527 495 2583 ad
513 2543 540 2584 a.
559 2527 640 2601 721,
665 2540 723 2598 quo
740 2525 896 2597 Augustus.
912 2525 944 2582 in
961 2524 1141 2606 Britanniam

156 2620 188 2674 et
206 2615 354 2674 Orientem
366 2617 511 2674 exercitus
522 2615 663 2673 missurus
676 2618 746 2676 erat
766 2609 818 2695 (ei
830 2616 889 2675 Dio
900 2615 947 2693 50,
960 2615 1005 2674 24.
1018 2614 1139 2690 interpr.

32 2757 36 2770 .
157 2708 248 2764 Stura.
267 2707 323 2764 vol.
348 2708 382 2765 V.
408 2721 439 2781 p.
462 2707 526 2764 625.
549 2707 685 2784 Dicta,
709 2706 755 2764 22.
781 2709 812 2764 et
829 2705 936 2766 aaut
955 2707 1003 2766 od.
1023 2707 1057 2780 1,
1073 2700 1139 2787 29.)

158 2797 246 2872 cujus
264 2798 309 2858 rei
327 2800 427 2871 aperte
444 2799 576 2856 meminit
592 2798 735 2857 Horatius
748 2814 776 2855 r.
795 2798 833 2856 29
852 2812 912 2872 sqr
1048 2807 1071 2856 .'
1093 2811 1097 2820 ·

303 2889 407 2947 serves
425 2891 532 2948 iturum
551 2891 703 2949 Caesarem
720 2889 753 2946 in
770 2889 886 2948 ultimos
922 2898 926 2907 '
969 2919 970 2928 .

244 2981 246 2988 ’
303 2979 391 3037 Orbis
408 2981 577 3059 Britannos,
596 2983 627 3039 et
640 2981 781 3054 juvenum
798 2995 899 3040 recens
949 3019 971 3038 0
1024 3053 1028 3064 ⁴
1063 3021 1065 3029 ,

350 3072 481 3130 Examen
498 3073 568 3131 Eois
585 3071 745 3130 timendum
852 3111 856 3128 .
918 3127 923 3142 ,

215 3189 246 3210 ··
309 3187 311 3192 ·
373 3163 521 3222 'Partibus
540 3163 713 3237 Oceanoque
730 3161 827 3220 rubro.
904 3201 908 3204 -
1033 3197 1038 3208 ·

155 3256 247 3316 Miror
265 3238 415 3313 assensum
433 3255 596 3312 cohibuisse
615 3254 679 3312 car.
698 3253 867 3311 Passovium
890 3246 957 3332 (rit
976 3254 1036 3326 not.
1055 3244 1137 3332 248.)

156 3350 187 3404 et
204 3347 352 3422 aliquanto
369 3345 524 3420 posteriori
542 3346 665 3420 tempori
684 3354 802 3402 carmen
817 3343 1013 3416 adscripsisse.
1040 3343 1137 3410 'Quod
1174 3343 1177 3354 '

155 3438 341 3496 vehementer
366 3435 534 3493 dissuadent
560 3454 603 3494 vs.
627 3437 664 3494 33
683 3451 743 3508 squ
779 3437 1085 3513 „noco-'muctam
1108 3438 1139 3492 et

27 3519 30 3530 ⁴
156 3531 276 3587 melmin
290 3531 387 3602 pudet*
402 3527 503 3603 caetu
526 3527 558 3583 iu
575 3527 679 3601 quibus
697 3528 785 3600 poeta
802 3542 906 3586 recem
923 3543 942 3584 a
958 3526 1081 3586 moeso
1099 3520 1136 3579 de

155 3617 294 3676 bellorum
312 3619 440 3677 civilium
456 3617 539 3676 malis
557 3618 756 3695 conqueritur,
774 3617 860 3692 plane
877 3620 911 3674 'ut
925 3616 974 3703 ρὰ.
995 3615 1029 3688 1,
1053 3612 1080 3672 2.
1098 3610 1136 3668 22

157 3723 199 3784 sq.
219 3712 250 3768 et
267 3710 314 3768 od.
333 3710 368 3787 2,
387 3711 420 3769 1.·
433 3710 470 3770 29
488 3725 531 3785 sq.
562 3701 615 3790 (cf.
648 3709 821 3768 Germanici
839 3711 928 3769 verba
958 3703 1050 3782 apud'
1065 3703 1143 3764 Tac·
1230 3780 1235 3797 Ι
