2792 4576
182 481 262 542 cose,
279 465 314 521 51
330 461 494 522 mordacem
516 461 645 520 libertini
662 461 802 521 venusini
824 459 914 519 lilium
937 461 1102 521 commodus
1120 463 1159 521 ad

133 571 136 585 ¹
182 573 213 614 se
238 551 411 613 admitteret.
454 554 516 612 Nee
546 556 644 611 151555
666 554 825 612 Kirchnero
844 553 986 610 assentior
1009 554 1159 630 statuenti,

181 645 379 704 Maecenatem
396 645 451 711 hae
468 644 534 720 ipsa
557 646 656 716 ecloga
673 645 861 719 propensiore
879 643 912 700 in
928 643 1080 701 Horatium
1098 644 1160 701 ani·

181 751 229 793 mo
247 739 355 795 iactum
378 751 458 811 esse,
483 750 605 809 eumque
630 735 770 809 paulatim
786 735 819 791 in
837 734 993 792 amicorum
1009 745 1161 791 numeram

182 823 379 901 adscripsisse.
416 825 506 882 Immo
524 842 589 883 cum
607 826 696 883 semel
714 841 780 884 aum
798 825 916 896 dignum
927 825 1056 902 haberet,
1076 840 1162 899 quem

182 918 214 974 15
230 916 433 975 familiaritatis
451 915 552 973 foedus
569 916 759 992 adscisceret,
777 931 837 974 non
853 930 1025 990 magnopere
1036 915 1162 991 [curabat

107 1005 110 1010 “
181 1010 319 1082 probrum
343 1007 400 1064 sibi
423 1006 550 1081 illatum,
581 1006 689 1081 quippe
713 1007 794 1079 cujus
819 1023 950 1064 caussam
978 1006 1053 1082 bene
1077 1008 1162 1064 norat
1227 1061 1229 1066 .

182 1093 240 1174 (51.
265 1099 382 1155 Passov.
406 1099 467 1154 551.
484 1089 589 1177 '129.).
632 1097 770 1171 Alioquin
793 1105 915 1154 versum*
932 1095 995 1154 tolli
1014 1096 1160 1167 jussisset.

183 1189 240 1246 Sed
258 1191 325 1245 utut
341 1185 399 1245 hoc'
414 1189 484 1264 1511,
505 1187 541 1244 15
560 1190 655 1266 aetate
673 1189 779 1245 satirae
799 1188 870 1244 satis
884 1187 946 1259 ,iam
963 1187 1074 1261 liquere
1086 1186 1162 1244 arbi·

182 1281 252 1335 tror.
290 1279 408 1351 scriptu
431 1281 549 1337 videtur
572 1295 637 1337 asae
661 1278 932 1353 555555114.
968 1277 1093 1347 samm·
1108 1293 1163 1335 nec

183 1361 264 1443 prius
283 1369 367 1426 facile
382 1369 496 1445 potuit,
516 1369 584 1442 quia
602 1367 687 1424 unius
712 1366 782 1426 anni
806 1366 900 1439 spatio
924 1366 1072 1424 minimum
1090 1383 1164 1441 opus

185 1463 263 1536 erat,
281 1461 315 1516 ut
333 1463 421 1533 poeta
439 1475 455 1516 e
473 1459 550 1517 bello
567 1456 747 1531 Philippensi
765 1455 858 1513 redux
868 1471 965 1512 rerum
976 1459 1007 1512 51
1017 1455 1165 1514 hominum

76 1558 85 1566 ·
183 1549 216 1606 15
233 1550 305 1608 urbe
324 1550 502 1607 conditiones
520 1551 706 1624 pernosceret
717 1581 755 1592 -
772 1562 828 1603 nec
845 1545 1005 1620 posteriore
1023 1550 1163 1626 tempore,

115 1711 119 1720 .
184 1641 263 1714 quod
285 1639 475 1715 improbabile
500 1643 546 1696 est
569 1655 636 1703 eum
658 1637 742 1696 brevi
765 1636 925 1711 posthanc
942 1636 1165 1696 ludificationem

184 1731 347 1789 Maecenati
371 1748 403 1789 se
428 1729 621 1789 commendari
644 1745 762 1803 passum
790 1727 889 1784 151555.
931 1726 1044 1785 Primus
1067 1723 1165 1786 antem

156 1833 159 1841 “
184 1823 298 1880 Horatii
322 1826 353 1880 et
376 1822 553 1880 Maecenatis
578 1821 749 1888 congressus
773 1816 875 1873 incidit
902 1818 947 1874 15·
962 1818 1166 1876 exitumanni

171 1929 215 1981 ,5.
240 1929 265 1969 5.
291 1913 355 1968 715.
382 1913 429 1966 vel
451 1912 484 1965 in
507 1908 623 1966 initium
645 1923 672 1963 a.
698 1905 762 1962 716.
787 1935 826 1948 -
866 1906 912 1962 lta
935 1909 1070 1964 convenit
1093 1909 1166 1966 mihi

186 2017 252 2060 cum
269 2001 419 2058 Kirchuer.
439 2002 549 2074 quaest.
568 2014 597 2072 p
607 1996 653 2054 52
666 1999 697 2053 51
707 1995 864 2052 Weiehert.
883 1997 961 2069 poet.
980 1997 1031 2054 rel
1050 2014 1080 2070 p
1099 1999 1163 2055 300.

187 2087 766 2164 5145115155510555541-
802 2086 869 2143 Non
892 2088 970 2142 reete
996 2087 1068 2143 Grot
1055 2088 1163 2146 1.51551

186 2201 216 2258 p.
236 2183 300 2240 461.
320 2183 438 2240 satiram
456 2196 531 2238 anno
549 2180 631 2255 717.
655 2153 841 2235 Paldamus
832 2193 864 2232 ιιι
881 2175 971 2234 libro:
998 2176 1166 2236 115555115-

188 2289 296 2349 sprung
312 2273 373 2330 und
391 2271 568 2345 3584111155
585 2267 678 2328 Satrre
696 2267 784 2341 524.
803 2269 868 2374 ann.
887 2266 1055 2326 712-713.
1074 2272 1166 2348 ortam
1261 2303 1264 2308 ·

188 2381 253 2422 esse
272 2364 378 2422 dicunt.

165 2511 168 2514 Ι
238 2543 458 2602 -SA'l'mM
475 2539 542 2600 ul.
571 2529 1165 2620 ,555515555551555555051551

190 2636 341 2696 cedentem
365 2634 501 2707 scriptam
525 2647 589 2690 esse
612 2634 675 2689 tum
698 2631 766 2688 inde
791 2632 926 2708 effieitm,
951 2632 1028 2705 quod
1051 2633 1165 2705 'ligellii

76 2775 78 2780 ,
184 2731 305 2802 preclara
322 2723 580 2798 deficncti'montio
598 2724 646 2800 fit,
663 2724 726 2779 tum
737 2722 1166 2806 55515551511555555111555

189 2819 321 2892 cognitus
339 2810 409 2891 1511,
430 2817 464 2871 51
481 2816 562 2888 patet
577 2830 596 2871 e
614 2831 690 2872 vers.
708 2809 824 2889 63555

336 2905 500 2980 Simplicior
516 2905 580 2978 quis
599 2907 630 2962 et
647 2905 708 2981 est,
732 2909 855 2979 qualem
872 2921 921 2964 me
937 2920 1028 2977 coepe
1044 2905 1167 2962 11551151

336 2996 823 3074 01151511511111,Μ5555155,51
840 2997 914 3052 15415
931 2995 1075 3066 legentem
1095 3005 1098 3010 '
1251 2991 1254 2996 ’

338 3090 398 3145 Α51
416 3087 535 3143 15511515
551 3086 679 3160 55551151
697 3086 798 3158 quovis
818 3100 963 3141 sermones
982 3085 1135 3142 Molestus!

338 3178 487 3237 communi
505 3176 693 3251 5555551555
712 3177 806 3251 caret,
825 3173 977 3248 inquimus.
991 3195 997 3204 ·
1014 3175 1112 3252 Eheu,

108 3313 111 3330 .
318 3269 433 3336 -Quam
449 3272 558 3326 temere
575 3269 607 3324 in
625 3269 738 3324 nosmet
759 3266 853 3336 legem
871 3265 1012 3322 sancimus
1030 3266 1166 3340 iniquam.

193 3362 255 3424 Nec
272 3359 396 3419 fallimur
413 3359 530 3435 opinor,
550 3357 575 3414 ri
594 3359 721 3428 eclogam
736 3361 879 3438 procerae
892 3360 959 3430 post
976 3357 1029 3434 ll.‚
1055 3373 1109 3414 nec
1126 3358 1167 3413 ita

193 3453 283 3511 multo
301 3454 368 3524 post
391 3449 513 3524 primam
536 3465 601 3506 cum
623 3449 792 3504 Maecenate
815 3448 1045 3519 congressionem
1068 3461 1167 3504 exara·

191 3547 254 3601 tam
272 3559 336 3599 esse
356 3541 485 3598 dicimus.
527 3538 601 3596 Nam
623 3538 701 3612 quod
725 3537 818 3596 denuo
842 3539 879 3596 ab
901 3539 985 3597 initio
1002 3549 1167 3612 perversam
1252 3572 1255 3576 «

195 3632 339 3691 demortui
361 3629 475 3704 ’11851111
500 3628 616 3685 vivendi
638 3629 780 3686 rationem
808 3629 937 3703 pluribus
968 3627 1108 3701 exagitat,
1135 3625 1167 3682 11

196 3721 366 3781 documento
389 3721 450 3799 est,'
470 3719 578 3796 151555,
602 3719 653 3792 551
675 3720 781 3794 probro
805 3719 906 3778 darent
928 3717 1062 3792 Horatio,
1090 3715 1167 3793 quod

195 3812 229 3870 in
261 3813 349 3876 551115
378 3813 409 3871 2.
440 3815 503 3872 tum
531 3809 647 3872 omniuo
683 3812 785 3869 acerba
815 3809 847 3869 in
875 3809 1009 3886 aequales
1036 3807 1166 3886 invectus
1213 3871 1216 3878 ¹
