<?xml version="1.0" encoding="UTF-8"?>
<!DOCTYPE html PUBLIC "-//W3C//DTD XHTML 1.0 Transitional//EN"
    "http://www.w3.org/TR/xhtml1/DTD/xhtml1-transitional.dtd">
<html xmlns="http://www.w3.org/1999/xhtml" xml:lang="en" lang="en">
 <head>
  <title>
</title>
<meta http-equiv="Content-Type" content="text/html;charset=utf-8" />
  <meta name='ocr-system' content='tesseract 3.04.00' />
  <meta name='ocr-capabilities' content='ocr_page ocr_carea ocr_par ocr_line ocrx_word'/>
</head>
<body>
  <div class='ocr_page' id='page_1' title='image "./fastihoratiani00lachgoog_0187.png"; bbox 0 0 2760 4588; ppageno 0'>
   <div class='ocr_carea' id='block_1_1' title="bbox 636 303 850 372">
    <p class='ocr_par' dir='ltr' id='par_1_1' title="bbox 636 303 850 372">
     <span class='ocr_line' id='line_1_1' title="bbox 636 303 850 372; baseline -0.014 -17"><span class='ocrx_word' id='word_1_1' title='bbox 636 303 850 372; x_wconf 62' lang='lat' dir='ltr'>..z-180...</span> 
     </span>
    </p>
   </div>
   <div class='ocr_carea' id='block_1_2' title="bbox 252 465 1242 546">
    <p class='ocr_par' dir='ltr' id='par_1_2' title="bbox 252 465 1242 546">
     <span class='ocr_line' id='line_1_2' title="bbox 252 465 1242 546; baseline -0.002 -17"><span class='ocrx_word' id='word_1_2' title='bbox 252 473 299 530; x_wconf 87' lang='lat' dir='ltr'><strong>tui·</strong></span> <span class='ocrx_word' id='word_1_3' title='bbox 316 501 353 516; x_wconf 94' lang='lat'><em>-</em></span> <span class='ocrx_word' id='word_1_4' title='bbox 371 471 526 546; x_wconf 86' lang='lat' dir='ltr'><strong>propterea</strong></span> <span class='ocrx_word' id='word_1_5' title='bbox 549 465 653 545; x_wconf 86' lang='lat' dir='ltr'><strong>opinor</strong></span> <span class='ocrx_word' id='word_1_6' title='bbox 676 470 754 545; x_wconf 88' lang='lat' dir='ltr'><strong>quod</strong></span> <span class='ocrx_word' id='word_1_7' title='bbox 778 473 809 528; x_wconf 89' lang='lat' dir='ltr'><strong>et</strong></span> <span class='ocrx_word' id='word_1_8' title='bbox 832 468 934 540; x_wconf 83' lang='lat' dir='ltr'><strong>Valgia</strong></span> <span class='ocrx_word' id='word_1_9' title='bbox 959 467 989 525; x_wconf 89' lang='lat' dir='ltr'><strong>et</strong></span> <span class='ocrx_word' id='word_1_10' title='bbox 1015 468 1148 527; x_wconf 87' lang='lat' dir='ltr'><strong>omnihus</strong></span> <span class='ocrx_word' id='word_1_11' title='bbox 1168 473 1242 528; x_wconf 82' lang='lat' dir='ltr'><strong>satis</strong></span> 
     </span>
    </p>
   </div>
   <div class='ocr_carea' id='block_1_3' title="bbox 251 559 1242 829">
    <p class='ocr_par' dir='ltr' id='par_1_3' title="bbox 251 559 1242 829">
     <span class='ocr_line' id='line_1_3' title="bbox 252 559 1242 634; baseline 0 -16"><span class='ocrx_word' id='word_1_12' title='bbox 252 561 383 634; x_wconf 75' lang='lat' dir='ltr'>cognitae</span> <span class='ocrx_word' id='word_1_13' title='bbox 403 563 541 618; x_wconf 77' lang='lat' dir='ltr'><strong>erunt-</strong></span> <span class='ocrx_word' id='word_1_14' title='bbox 559 564 676 619; x_wconf 85' lang='lat' dir='ltr'><strong>atvero</strong></span> <span class='ocrx_word' id='word_1_15' title='bbox 696 562 783 618; x_wconf 90' lang='lat' dir='ltr'><strong>etiam</strong></span> <span class='ocrx_word' id='word_1_16' title='bbox 801 560 933 618; x_wconf 71' lang='lat' dir='ltr'><strong>ditersae</strong></span> <span class='ocrx_word' id='word_1_17' title='bbox 958 562 1026 616; x_wconf 89' lang='lat' dir='ltr'><strong>sunt</strong></span> <span class='ocrx_word' id='word_1_18' title='bbox 1050 559 1087 618; x_wconf 88' lang='lat' dir='ltr'><strong>ab</strong></span> <span class='ocrx_word' id='word_1_19' title='bbox 1107 561 1145 618; x_wconf 87' lang='lat' dir='ltr'><strong>iis</strong></span> <span class='ocrx_word' id='word_1_20' title='bbox 1163 575 1242 634; x_wconf 85' lang='lat' dir='ltr'><strong>quae</strong></span> 
     </span>
     <span class='ocr_line' id='line_1_4' title="bbox 251 650 1240 728; baseline 0 -20"><span class='ocrx_word' id='word_1_21' title='bbox 251 654 423 728; x_wconf 85' lang='lat' dir='ltr'><strong>paulopost</strong></span> <span class='ocrx_word' id='word_1_22' title='bbox 444 653 608 724; x_wconf 83' lang='lat' dir='ltr'><strong>tanguntur.</strong></span> <span class='ocrx_word' id='word_1_23' title='bbox 646 653 724 724; x_wconf 87' lang='lat' dir='ltr'><strong>Ergo</strong></span> <span class='ocrx_word' id='word_1_24' title='bbox 743 650 909 722; x_wconf 72' lang='lat' dir='ltr'><strong>coniectura</strong></span> <span class='ocrx_word' id='word_1_25' title='bbox 927 653 1039 708; x_wconf 86' lang='lat' dir='ltr'><strong>tantum</strong></span> <span class='ocrx_word' id='word_1_26' title='bbox 1063 650 1240 728; x_wconf 78' lang='lat' dir='ltr'><strong>assequaris,</strong></span> 
     </span>
     <span class='ocr_line' id='line_1_5' title="bbox 251 739 1240 829; baseline -0.002 -29"><span class='ocrx_word' id='word_1_27' title='bbox 251 759 326 817; x_wconf 86' lang='lat' dir='ltr'><strong>quae</strong></span> <span class='ocrx_word' id='word_1_28' title='bbox 339 759 420 829; x_wconf 34' lang='lat' dir='ltr'><strong>,nova</strong></span> <span class='ocrx_word' id='word_1_29' title='bbox 437 742 494 800; x_wconf 85' lang='lat' dir='ltr'><strong>ista</strong></span> <span class='ocrx_word' id='word_1_30' title='bbox 512 742 637 814; x_wconf 82' lang='lat' dir='ltr'><strong>Augusti</strong></span> <span class='ocrx_word' id='word_1_31' title='bbox 655 743 776 816; x_wconf 87' lang='lat' dir='ltr'><strong>tropaea</strong></span> <span class='ocrx_word' id='word_1_32' title='bbox 793 741 909 799; x_wconf 83' lang='lat' dir='ltr'><strong>luerint.</strong></span> <span class='ocrx_word' id='word_1_33' title='bbox 952 741 1067 798; x_wconf 85' lang='lat' dir='ltr'>Deinde</span> <span class='ocrx_word' id='word_1_34' title='bbox 1092 756 1168 814; x_wconf 90' lang='lat' dir='ltr'><strong>quae</strong></span> <span class='ocrx_word' id='word_1_35' title='bbox 1193 739 1240 798; x_wconf 78' lang='lat' dir='ltr'><strong>se-</strong></span> 
     </span>
    </p>
   </div>
   <div class='ocr_carea' id='block_1_4' title="bbox 250 831 1364 910">
    <p class='ocr_par' dir='ltr' id='par_1_4' title="bbox 250 831 1364 910">
     <span class='ocr_line' id='line_1_6' title="bbox 250 831 1364 910; baseline -0.002 -20"><span class='ocrx_word' id='word_1_36' title='bbox 250 835 377 910; x_wconf 89' lang='lat' dir='ltr'><strong>qunntur</strong></span> <span class='ocrx_word' id='word_1_37' title='bbox 394 833 465 890; x_wconf 90' lang='lat' dir='ltr'><strong>satis</strong></span> <span class='ocrx_word' id='word_1_38' title='bbox 482 833 605 900; x_wconf 82' lang='lat' dir='ltr'><strong>obscura</strong></span> <span class='ocrx_word' id='word_1_39' title='bbox 623 834 698 889; x_wconf 88' lang='lat' dir='ltr'><strong>sunt.</strong></span> <span class='ocrx_word' id='word_1_40' title='bbox 735 833 811 890; x_wconf 87' lang='lat' dir='ltr'><strong>Nam</strong></span> <span class='ocrx_word' id='word_1_41' title='bbox 827 835 916 890; x_wconf 87' lang='lat' dir='ltr'><strong>Medo</strong></span> <span class='ocrx_word' id='word_1_42' title='bbox 929 831 1057 903; x_wconf 77' lang='grc'><strong>1111111111</strong></span> <span class='ocrx_word' id='word_1_43' title='bbox 1073 831 1105 887; x_wconf 89' lang='lat' dir='ltr'><strong>in</strong></span> <span class='ocrx_word' id='word_1_44' title='bbox 1124 831 1241 889; x_wconf 80' lang='lat' dir='ltr'><strong>unirer-</strong></span> <span class='ocrx_word' id='word_1_45' title='bbox 1363 865 1364 874; x_wconf 45' lang='lat'>1</span> 
     </span>
    </p>
   </div>
   <div class='ocr_carea' id='block_1_5' title="bbox 252 921 1242 1359">
    <p class='ocr_par' dir='ltr' id='par_1_5' title="bbox 252 921 1242 1359">
     <span class='ocr_line' id='line_1_7' title="bbox 253 921 1242 998; baseline 0.001 -16"><span class='ocrx_word' id='word_1_46' title='bbox 253 942 316 982; x_wconf 83' lang='lat' dir='ltr'><strong>sum</strong></span> <span class='ocrx_word' id='word_1_47' title='bbox 344 925 518 981; x_wconf 81' lang='lat' dir='ltr'><strong>denotantur</strong></span> <span class='ocrx_word' id='word_1_48' title='bbox 541 941 591 980; x_wconf 89' lang='lat' dir='ltr'><strong>res</strong></span> <span class='ocrx_word' id='word_1_49' title='bbox 618 923 786 998; x_wconf 83' lang='lat' dir='ltr'>Parthicae,</span> <span class='ocrx_word' id='word_1_50' title='bbox 824 925 855 979; x_wconf 89' lang='lat' dir='ltr'><strong>et</strong></span> <span class='ocrx_word' id='word_1_51' title='bbox 881 921 990 992; x_wconf 89' lang='lat' dir='ltr'><strong>rigidus</strong></span> <span class='ocrx_word' id='word_1_52' title='bbox 1018 923 1066 978; x_wconf 92' lang='lat' dir='ltr'><strong>ille</strong></span> <span class='ocrx_word' id='word_1_53' title='bbox 1094 925 1242 996; x_wconf 80' lang='lat' dir='ltr'><strong>Niphates</strong></span> 
     </span>
     <span class='ocr_line' id='line_1_8' title="bbox 252 1012 1240 1088; baseline -0.002 -16"><span class='ocrx_word' id='word_1_54' title='bbox 252 1031 312 1072; x_wconf 89' lang='lat' dir='ltr'><strong>nou</strong></span> <span class='ocrx_word' id='word_1_55' title='bbox 329 1015 424 1072; x_wconf 89' lang='lat' dir='ltr'><strong>minus</strong></span> <span class='ocrx_word' id='word_1_56' title='bbox 444 1029 530 1088; x_wconf 88' lang='lat' dir='ltr'><strong>quam</strong></span> <span class='ocrx_word' id='word_1_57' title='bbox 547 1014 599 1088; x_wconf 91' lang='lat' dir='ltr'><strong>qui</strong></span> <span class='ocrx_word' id='word_1_58' title='bbox 616 1014 648 1069; x_wconf 91' lang='lat' dir='ltr'><strong>in</strong></span> <span class='ocrx_word' id='word_1_59' title='bbox 666 1015 722 1071; x_wconf 88' lang='lat' dir='ltr'><strong>fine</strong></span> <span class='ocrx_word' id='word_1_60' title='bbox 739 1016 998 1070; x_wconf 81' lang='lat' dir='ltr'><strong>commemorantur</strong></span> <span class='ocrx_word' id='word_1_61' title='bbox 1011 1012 1118 1072; x_wconf 72' lang='lat' dir='ltr'><strong>Geloni</strong></span> <span class='ocrx_word' id='word_1_62' title='bbox 1135 1017 1168 1070; x_wconf 88' lang='lat' dir='ltr'><strong>ut</strong></span> <span class='ocrx_word' id='word_1_63' title='bbox 1186 1015 1240 1071; x_wconf 91' lang='lat' dir='ltr'><strong>du-</strong></span> 
     </span>
     <span class='ocr_line' id='line_1_9' title="bbox 252 1092 1240 1181; baseline -0.003 -17"><span class='ocrx_word' id='word_1_64' title='bbox 252 1105 330 1164; x_wconf 86' lang='lat' dir='ltr'><strong>biam</strong></span> <span class='ocrx_word' id='word_1_65' title='bbox 348 1105 457 1162; x_wconf 89' lang='lat' dir='ltr'><strong>habent</strong></span> <span class='ocrx_word' id='word_1_66' title='bbox 475 1098 712 1181; x_wconf 60' lang='lat' dir='ltr'><strong>explicationem,</strong></span> <span class='ocrx_word' id='word_1_67' title='bbox 736 1092 779 1160; x_wconf 77' lang='lat' dir='ltr'><strong>ita</strong></span> <span class='ocrx_word' id='word_1_68' title='bbox 797 1103 835 1160; x_wconf 92' lang='lat' dir='ltr'><strong>ad</strong></span> <span class='ocrx_word' id='word_1_69' title='bbox 853 1095 983 1175; x_wconf 86' lang='lat' dir='ltr'><strong>ternpo&#39;ra</strong></span> <span class='ocrx_word' id='word_1_70' title='bbox 1002 1103 1164 1161; x_wconf 85' lang='lat' dir='ltr'><strong>definienda</strong></span> <span class='ocrx_word' id='word_1_71' title='bbox 1180 1121 1240 1161; x_wconf 88' lang='lat' dir='ltr'><strong>non</strong></span> 
     </span>
     <span class='ocr_line' id='line_1_10' title="bbox 252 1193 1240 1269; baseline -0.002 -16"><span class='ocrx_word' id='word_1_72' title='bbox 252 1197 372 1254; x_wconf 92' lang='lat' dir='ltr'><strong>multum</strong></span> <span class='ocrx_word' id='word_1_73' title='bbox 391 1197 548 1253; x_wconf 82' lang='lat' dir='ltr'><strong>conserunt.</strong></span> <span class='ocrx_word' id='word_1_74' title='bbox 585 1195 755 1252; x_wconf 85' lang='lat' dir='ltr'><strong>Perdifficile</strong></span> <span class='ocrx_word' id='word_1_75' title='bbox 774 1193 852 1252; x_wconf 86' lang='lat' dir='ltr'><strong>dictu</strong></span> <span class='ocrx_word' id='word_1_76' title='bbox 871 1194 931 1269; x_wconf 83' lang='lat' dir='ltr'><strong>est,</strong></span> <span class='ocrx_word' id='word_1_77' title='bbox 950 1193 1021 1266; x_wconf 90' lang='lat' dir='ltr'><strong>quid</strong></span> <span class='ocrx_word' id='word_1_78' title='bbox 1036 1197 1165 1268; x_wconf 76' lang='lat' dir='ltr'><strong>Niphate</strong></span> <span class='ocrx_word' id='word_1_79' title='bbox 1183 1195 1240 1252; x_wconf 85' lang='lat' dir='ltr'><strong>sibi</strong></span> 
     </span>
     <span class='ocr_line' id='line_1_11' title="bbox 252 1277 1240 1359; baseline -0.001 -16"><span class='ocrx_word' id='word_1_80' title='bbox 252 1287 376 1344; x_wconf 85' lang='lat' dir='ltr'><strong>voluerit</strong></span> <span class='ocrx_word' id='word_1_81' title='bbox 393 1289 489 1358; x_wconf 88' lang='lat' dir='ltr'><strong>poeta.</strong></span> <span class='ocrx_word' id='word_1_82' title='bbox 527 1284 704 1359; x_wconf 86' lang='lat' dir='ltr'><strong>Interpretes</strong></span> <span class='ocrx_word' id='word_1_83' title='bbox 730 1277 847 1358; x_wconf 84' lang='lat' dir='ltr'><strong>quidem</strong></span> <span class='ocrx_word' id='word_1_84' title='bbox 863 1281 1032 1342; x_wconf 76' lang='lat' dir='ltr'><strong>Armeniam</strong></span> <span class='ocrx_word' id='word_1_85' title='bbox 1051 1285 1240 1356; x_wconf 84' lang='lat' dir='ltr'><strong>significatam</strong></span> 
     </span>
    </p>
   </div>
   <div class='ocr_carea' id='block_1_6' title="bbox 148 1375 1239 1450">
    <p class='ocr_par' dir='ltr' id='par_1_6' title="bbox 148 1375 1239 1450">
     <span class='ocr_line' id='line_1_12' title="bbox 148 1375 1239 1450; baseline -0.002 -15"><span class='ocrx_word' id='word_1_86' title='bbox 148 1435 149 1446; x_wconf 59' lang='grc'>,</span> <span class='ocrx_word' id='word_1_87' title='bbox 253 1393 317 1435; x_wconf 91' lang='lat' dir='ltr'><strong>esse</strong></span> <span class='ocrx_word' id='word_1_88' title='bbox 336 1378 494 1433; x_wconf 86' lang='lat' dir='ltr'><strong>autumant.</strong></span> <span class='ocrx_word' id='word_1_89' title='bbox 532 1377 642 1434; x_wconf 81' lang='lat' dir='ltr'><strong>Vereor</strong></span> <span class='ocrx_word' id='word_1_90' title='bbox 660 1379 758 1432; x_wconf 85' lang='lat' dir='ltr'><strong>tamen</strong></span> <span class='ocrx_word' id='word_1_91' title='bbox 776 1379 809 1432; x_wconf 90' lang='lat' dir='ltr'><strong>ut</strong></span> <span class='ocrx_word' id='word_1_92' title='bbox 826 1377 918 1432; x_wconf 77' lang='lat' dir='ltr'><strong>recte.¹</strong></span> <span class='ocrx_word' id='word_1_93' title='bbox 951 1375 1026 1432; x_wconf 88' lang='lat' dir='ltr'><strong>Nam</strong></span> <span class='ocrx_word' id='word_1_94' title='bbox 1044 1377 1167 1450; x_wconf 90' lang='lat' dir='ltr'><strong>primum</strong></span> <span class='ocrx_word' id='word_1_95' title='bbox 1178 1377 1239 1433; x_wconf 92' lang='lat' dir='ltr'><strong>Ho-</strong></span> 
     </span>
    </p>
   </div>
   <div class='ocr_carea' id='block_1_7' title="bbox 182 1464 1239 2086">
    <p class='ocr_par' dir='ltr' id='par_1_7' title="bbox 182 1464 1239 2086">
     <span class='ocr_line' id='line_1_13' title="bbox 252 1464 1239 1544; baseline 0.001 -19"><span class='ocrx_word' id='word_1_96' title='bbox 252 1468 344 1525; x_wconf 82' lang='lat' dir='ltr'><strong>ratius</strong></span> <span class='ocrx_word' id='word_1_97' title='bbox 361 1464 509 1541; x_wconf 87' lang='lat' dir='ltr'><strong>Niphaten</strong></span> <span class='ocrx_word' id='word_1_98' title='bbox 526 1467 718 1543; x_wconf 18' lang='lat' dir='ltr'><strong>nonnvidetur</strong></span> <span class='ocrx_word' id='word_1_99' title='bbox 736 1465 914 1522; x_wconf 81' lang='lat' dir='ltr'><strong>intellexisse</strong></span> <span class='ocrx_word' id='word_1_100' title='bbox 937 1473 1081 1544; x_wconf 75' lang='lat' dir='ltr'><strong>motatore,</strong></span> <span class='ocrx_word' id='word_1_101' title='bbox 1106 1468 1158 1524; x_wconf 88' lang='lat' dir='ltr'><strong>sed</strong></span> <span class='ocrx_word' id='word_1_102' title='bbox 1172 1467 1239 1540; x_wconf 76' lang='lat' dir='ltr'><strong>tla-</strong></span> 
     </span>
     <span class='ocr_line' id='line_1_14' title="bbox 251 1555 1238 1636; baseline -0.003 -19"><span class='ocrx_word' id='word_1_103' title='bbox 251 1562 343 1617; x_wconf 83' lang='lat' dir='ltr'><strong>oium.</strong></span> <span class='ocrx_word' id='word_1_104' title='bbox 379 1555 487 1615; x_wconf 88' lang='lat' dir='ltr'><strong>Nescio</strong></span> <span class='ocrx_word' id='word_1_105' title='bbox 510 1555 589 1616; x_wconf 88' lang='lat' dir='ltr'><strong>enim</strong></span> <span class='ocrx_word' id='word_1_106' title='bbox 612 1571 651 1612; x_wconf 87' lang='lat' dir='ltr'><strong>an</strong></span> <span class='ocrx_word' id='word_1_107' title='bbox 676 1555 855 1612; x_wconf 86' lang='lat' dir='ltr'><strong>subabsurde</strong></span> <span class='ocrx_word' id='word_1_108' title='bbox 880 1556 988 1614; x_wconf 85' lang='lat' dir='ltr'><strong>dietum</strong></span> <span class='ocrx_word' id='word_1_109' title='bbox 1003 1557 1066 1636; x_wconf 82' lang='lat' dir='ltr'><strong>sit:</strong></span> <span class='ocrx_word' id='word_1_110' title='bbox 1091 1562 1238 1616; x_wconf 89' lang='lat' dir='ltr'><strong>cantemus</strong></span> 
     </span>
     <span class='ocr_line' id='line_1_15' title="bbox 252 1645 1238 1724; baseline -0.001 -18"><span class='ocrx_word' id='word_1_111' title='bbox 252 1651 384 1723; x_wconf 55' lang='lat' dir='ltr'><strong>agidam</strong></span> <span class='ocrx_word' id='word_1_112' title='bbox 402 1652 531 1704; x_wconf 79' lang='lat' dir='ltr'><strong>montem</strong></span> <span class='ocrx_word' id='word_1_113' title='bbox 548 1646 602 1724; x_wconf 86' lang='lat' dir='ltr'><strong>N.;</strong></span> <span class='ocrx_word' id='word_1_114' title='bbox 623 1645 769 1718; x_wconf 87' lang='lat' dir='ltr'><strong>eleganter</strong></span> <span class='ocrx_word' id='word_1_115' title='bbox 779 1662 851 1702; x_wconf 88' lang='lat' dir='ltr'><strong>vero</strong></span> <span class='ocrx_word' id='word_1_116' title='bbox 869 1651 899 1703; x_wconf 90' lang='lat' dir='ltr'><strong>et</strong></span> <span class='ocrx_word' id='word_1_117' title='bbox 917 1649 1071 1706; x_wconf 79' lang='lat' dir='ltr'><strong>concinne:</strong></span> <span class='ocrx_word' id='word_1_118' title='bbox 1090 1653 1238 1708; x_wconf 88' lang='lat' dir='ltr'><strong>cantemus</strong></span> 
     </span>
     <span class='ocr_line' id='line_1_16' title="bbox 253 1727 1238 1829; baseline 0.001 -34"><span class='ocrx_word' id='word_1_119' title='bbox 253 1738 338 1829; x_wconf 76' lang='lat' dir='ltr'><strong>rIgid.</strong></span> <span class='ocrx_word' id='word_1_120' title='bbox 357 1737 505 1811; x_wconf 84' lang='lat' dir='ltr'><strong>Niphaten</strong></span> <span class='ocrx_word' id='word_1_121' title='bbox 516 1729 667 1816; x_wconf 85' lang='lat' dir='ltr'><strong>(fluvium)</strong></span> <span class='ocrx_word' id='word_1_122' title='bbox 679 1737 854 1810; x_wconf 89' lang='lat' dir='ltr'><strong>Medumque</strong></span> <span class='ocrx_word' id='word_1_123' title='bbox 866 1740 973 1796; x_wconf 89' lang='lat' dir='ltr'><strong>flumen</strong></span> <span class='ocrx_word' id='word_1_124' title='bbox 985 1739 1110 1798; x_wconf 88' lang='lat' dir='ltr'><strong>minores</strong></span> <span class='ocrx_word' id='word_1_125' title='bbox 1121 1727 1238 1797; x_wconf 85' lang='lat' dir='ltr'><strong>volvere</strong></span> 
     </span>
     <span class='ocr_line' id='line_1_17' title="bbox 252 1826 1237 1899; baseline 0.002 -14"><span class='ocrx_word' id='word_1_126' title='bbox 252 1828 387 1888; x_wconf 78' lang='lat' dir='ltr'><strong>vortices.</strong></span> <span class='ocrx_word' id='word_1_127' title='bbox 426 1827 490 1892; x_wconf 87' lang='lat' dir='ltr'><strong>Qua</strong></span> <span class='ocrx_word' id='word_1_128' title='bbox 515 1826 551 1882; x_wconf 87' lang='lat' dir='ltr'><strong>de</strong></span> <span class='ocrx_word' id='word_1_129' title='bbox 575 1843 607 1883; x_wconf 91' lang='lat' dir='ltr'><strong>re</strong></span> <span class='ocrx_word' id='word_1_130' title='bbox 632 1826 718 1899; x_wconf 89' lang='lat' dir='ltr'><strong>plane</strong></span> <span class='ocrx_word' id='word_1_131' title='bbox 737 1828 881 1886; x_wconf 88' lang='lat' dir='ltr'><strong>assentior</strong></span> <span class='ocrx_word' id='word_1_132' title='bbox 898 1831 1134 1890; x_wconf 89' lang='lat' dir='ltr'><strong>Mitseherlichio.</strong></span> <span class='ocrx_word' id='word_1_133' title='bbox 1172 1833 1237 1888; x_wconf 82' lang='lat' dir='ltr'><strong>lam</strong></span> 
     </span>
     <span class='ocr_line' id='line_1_18' title="bbox 182 1909 1238 1999; baseline 0.002 -23"><span class='ocrx_word' id='word_1_134' title='bbox 182 1937 192 1980; x_wconf 76' lang='grc'><strong>’,</strong></span> <span class='ocrx_word' id='word_1_135' title='bbox 254 1909 285 1977; x_wconf 86' lang='lat' dir='ltr'><strong>si‘</strong></span> <span class='ocrx_word' id='word_1_136' title='bbox 298 1918 417 1975; x_wconf 84' lang='lat' dir='ltr'><strong>fluvium</strong></span> <span class='ocrx_word' id='word_1_137' title='bbox 435 1918 572 1974; x_wconf 89' lang='lat' dir='ltr'><strong>Horatius</strong></span> <span class='ocrx_word' id='word_1_138' title='bbox 591 1916 693 1975; x_wconf 89' lang='lat' dir='ltr'><strong>habuit</strong></span> <span class='ocrx_word' id='word_1_139' title='bbox 711 1918 874 1996; x_wconf 87' lang='lat' dir='ltr'><strong>Niphaten,</strong></span> <span class='ocrx_word' id='word_1_140' title='bbox 893 1920 925 1977; x_wconf 93' lang='lat' dir='ltr'><strong>in</strong></span> <span class='ocrx_word' id='word_1_141' title='bbox 943 1922 1054 1979; x_wconf 90' lang='lat' dir='ltr'><strong>incerto</strong></span> <span class='ocrx_word' id='word_1_142' title='bbox 1065 1925 1120 1999; x_wconf 88' lang='lat' dir='ltr'><strong>est,</strong></span> <span class='ocrx_word' id='word_1_143' title='bbox 1140 1938 1238 1996; x_wconf 91' lang='lat' dir='ltr'><strong>quam·</strong></span> 
     </span>
     <span class='ocr_line' id='line_1_19' title="bbox 253 2003 1238 2086; baseline 0.004 -20"><span class='ocrx_word' id='word_1_144' title='bbox 253 2025 321 2067; x_wconf 85' lang='lat' dir='ltr'><strong>nam</strong></span> <span class='ocrx_word' id='word_1_145' title='bbox 339 2011 446 2065; x_wconf 84' lang='lat' dir='ltr'><strong>terram</strong></span> <span class='ocrx_word' id='word_1_146' title='bbox 471 2003 631 2078; x_wconf 87' lang='lat' dir='ltr'><strong>significare</strong></span> <span class='ocrx_word' id='word_1_147' title='bbox 655 2010 788 2068; x_wconf 83' lang='lat' dir='ltr'><strong>voluerit.</strong></span> <span class='ocrx_word' id='word_1_148' title='bbox 832 2011 907 2068; x_wconf 90' lang='lat' dir='ltr'><strong>Nam</strong></span> <span class='ocrx_word' id='word_1_149' title='bbox 924 2012 1066 2085; x_wconf 85' lang='lat' dir='ltr'><strong>Niphates</strong></span> <span class='ocrx_word' id='word_1_150' title='bbox 1086 2014 1238 2086; x_wconf 77' lang='lat' dir='ltr'><strong>flaciaaa</strong></span> 
     </span>
    </p>
   </div>
   <div class='ocr_carea' id='block_1_8' title="bbox 54 2087 1239 2178">
    <p class='ocr_par' dir='ltr' id='par_1_8' title="bbox 54 2087 1239 2178">
     <span class='ocr_line' id='line_1_20' title="bbox 54 2087 1239 2178; baseline 0.003 -21"><span class='ocrx_word' id='word_1_151' title='bbox 54 2089 57 2098; x_wconf 80' lang='grc'><strong>’</strong></span> <span class='ocrx_word' id='word_1_152' title='bbox 156 2155 159 2161; x_wconf 90' lang='grc'><em>,</em></span> <span class='ocrx_word' id='word_1_153' title='bbox 230 2087 425 2172; x_wconf 55' lang='lat' dir='ltr'><strong>‘geographis</strong></span> <span class='ocrx_word' id='word_1_154' title='bbox 437 2098 772 2171; x_wconf 70' lang='lat' dir='ltr'><strong>nusqusmmemoratur.</strong></span> <span class='ocrx_word' id='word_1_155' title='bbox 793 2101 884 2157; x_wconf 89' lang='lat' dir='ltr'><strong>Schol.</strong></span> <span class='ocrx_word' id='word_1_156' title='bbox 904 2099 1023 2159; x_wconf 79' lang='lat' dir='ltr'><strong>Aaron:</strong></span> <span class='ocrx_word' id='word_1_157' title='bbox 1037 2105 1239 2178; x_wconf 73' lang='lat' dir='ltr'><strong>„scythiae</strong></span> 
     </span>
    </p>
   </div>
   <div class='ocr_carea' id='block_1_9' title="bbox 238 2188 1239 3261">
    <p class='ocr_par' dir='ltr' id='par_1_9' title="bbox 238 2188 1239 2811">
     <span class='ocr_line' id='line_1_21' title="bbox 248 2188 1239 2265; baseline 0.01 -19"><span class='ocrx_word' id='word_1_158' title='bbox 248 2190 394 2264; x_wconf 73' lang='lat' dir='ltr'><strong>flaviam,</strong></span> <span class='ocrx_word' id='word_1_159' title='bbox 413 2188 523 2265; x_wconf 88' lang='lat' dir='ltr'><strong>inquit,</strong></span> <span class='ocrx_word' id='word_1_160' title='bbox 540 2191 675 2264; x_wconf 81' lang='lat' dir='ltr'><strong>plerique</strong></span> <span class='ocrx_word' id='word_1_161' title='bbox 689 2189 851 2247; x_wconf 77' lang='lat' dir='ltr'><strong>Armeniae</strong></span> <span class='ocrx_word' id='word_1_162' title='bbox 867 2197 998 2248; x_wconf 79' lang='lat' dir='ltr'><strong>montem</strong></span> <span class='ocrx_word' id='word_1_163' title='bbox 1012 2196 1151 2264; x_wconf 75' lang='lat' dir='ltr'><strong>putant.”</strong></span> <span class='ocrx_word' id='word_1_164' title='bbox 1168 2197 1239 2256; x_wconf 82' lang='lat' dir='ltr'><strong>De·</strong></span> 
     </span>
     <span class='ocr_line' id='line_1_22' title="bbox 252 2278 1239 2357; baseline 0.006 -21"><span class='ocrx_word' id='word_1_165' title='bbox 252 2278 322 2336; x_wconf 90' lang='lat' dir='ltr'><strong>inde</strong></span> <span class='ocrx_word' id='word_1_166' title='bbox 341 2293 376 2334; x_wconf 89' lang='lat' dir='ltr'><strong>eo</strong></span> <span class='ocrx_word' id='word_1_167' title='bbox 393 2278 505 2336; x_wconf 76' lang='lat' dir='ltr'><strong>facilius</strong></span> <span class='ocrx_word' id='word_1_168' title='bbox 519 2278 556 2334; x_wconf 86' lang='lat' dir='ltr'><strong>ad</strong></span> <span class='ocrx_word' id='word_1_169' title='bbox 569 2295 632 2336; x_wconf 90' lang='lat' dir='ltr'><strong>eam</strong></span> <span class='ocrx_word' id='word_1_170' title='bbox 644 2297 690 2357; x_wconf 79' lang='lat' dir='ltr'><strong>me</strong></span> <span class='ocrx_word' id='word_1_171' title='bbox 702 2279 808 2336; x_wconf 86' lang='lat' dir='ltr'><strong>inclino</strong></span> <span class='ocrx_word' id='word_1_172' title='bbox 827 2280 1016 2356; x_wconf 87' lang='lat' dir='ltr'><strong>sententiam,</strong></span> <span class='ocrx_word' id='word_1_173' title='bbox 1035 2284 1068 2338; x_wconf 94' lang='lat' dir='ltr'><strong>ut</strong></span> <span class='ocrx_word' id='word_1_174' title='bbox 1085 2283 1239 2342; x_wconf 82' lang='lat' dir='ltr'><strong>Horatium</strong></span> 
     </span>
     <span class='ocr_line' id='line_1_23' title="bbox 254 2368 1239 2450; baseline 0.002 -22"><span class='ocrx_word' id='word_1_175' title='bbox 254 2368 369 2428; x_wconf 86' lang='lat' dir='ltr'><strong>credam</strong></span> <span class='ocrx_word' id='word_1_176' title='bbox 392 2385 447 2426; x_wconf 89' lang='lat' dir='ltr'><strong>nec</strong></span> <span class='ocrx_word' id='word_1_177' title='bbox 471 2372 550 2426; x_wconf 88' lang='lat' dir='ltr'><strong>certo</strong></span> <span class='ocrx_word' id='word_1_178' title='bbox 575 2370 720 2442; x_wconf 89' lang='lat' dir='ltr'><strong>cognitum</strong></span> <span class='ocrx_word' id='word_1_179' title='bbox 748 2370 984 2444; x_wconf 85' lang='lat' dir='ltr'><strong>exploratumque</strong></span> <span class='ocrx_word' id='word_1_180' title='bbox 1009 2373 1161 2450; x_wconf 87' lang='lat' dir='ltr'><strong>habuisse,</strong></span> <span class='ocrx_word' id='word_1_181' title='bbox 1185 2374 1239 2431; x_wconf 89' lang='lat' dir='ltr'><strong>ubi</strong></span> 
     </span>
     <span class='ocr_line' id='line_1_24' title="bbox 238 2459 1237 2538; baseline 0.005 -20"><span class='ocrx_word' id='word_1_182' title='bbox 238 2459 395 2518; x_wconf 76' lang='lat' dir='ltr'><strong>&#39;terrarum</strong></span> <span class='ocrx_word' id='word_1_183' title='bbox 412 2460 553 2534; x_wconf 88' lang='lat' dir='ltr'><strong>Niphates</strong></span> <span class='ocrx_word' id='word_1_184' title='bbox 571 2461 677 2517; x_wconf 83' lang='lat' dir='ltr'><strong>fluvius</strong></span> <span class='ocrx_word' id='word_1_185' title='bbox 693 2463 789 2538; x_wconf 86' lang='lat' dir='ltr'><strong>esset,</strong></span> <span class='ocrx_word' id='word_1_186' title='bbox 808 2477 879 2538; x_wconf 90' lang='lat' dir='ltr'><strong>nec,</strong></span> <span class='ocrx_word' id='word_1_187' title='bbox 899 2463 925 2519; x_wconf 91' lang='lat' dir='ltr'><strong>si</strong></span> <span class='ocrx_word' id='word_1_188' title='bbox 942 2463 1109 2522; x_wconf 88' lang='lat' dir='ltr'><strong>Armeniam</strong></span> <span class='ocrx_word' id='word_1_189' title='bbox 1126 2465 1169 2522; x_wconf 91' lang='lat' dir='ltr'><strong>ita</strong></span> <span class='ocrx_word' id='word_1_190' title='bbox 1188 2464 1237 2523; x_wconf 87' lang='lat' dir='ltr'><strong>de·</strong></span> 
     </span>
     <span class='ocr_line' id='line_1_25' title="bbox 254 2551 1236 2630; baseline 0.007 -23"><span class='ocrx_word' id='word_1_191' title='bbox 254 2551 394 2625; x_wconf 85' lang='lat' dir='ltr'><strong>signavit,</strong></span> <span class='ocrx_word' id='word_1_192' title='bbox 414 2551 557 2622; x_wconf 87' lang='lat' dir='ltr'><strong>singulare</strong></span> <span class='ocrx_word' id='word_1_193' title='bbox 567 2551 685 2625; x_wconf 86' lang='lat' dir='ltr'><strong>aliquod</strong></span> <span class='ocrx_word' id='word_1_194' title='bbox 703 2554 733 2608; x_wconf 88' lang='lat' dir='ltr'><strong>et</strong></span> <span class='ocrx_word' id='word_1_195' title='bbox 744 2552 931 2610; x_wconf 88' lang='lat' dir='ltr'><strong>memorabile</strong></span> <span class='ocrx_word' id='word_1_196' title='bbox 943 2555 1051 2613; x_wconf 84' lang='lat' dir='ltr'><strong>factum</strong></span> <span class='ocrx_word' id='word_1_197' title='bbox 1062 2556 1236 2630; x_wconf 85' lang='lat' dir='ltr'><strong>respexisse,</strong></span> 
     </span>
     <span class='ocr_line' id='line_1_26' title="bbox 253 2640 1236 2720; baseline 0.006 -24"><span class='ocrx_word' id='word_1_198' title='bbox 253 2655 311 2714; x_wconf 89' lang='lat' dir='ltr'><strong>quo</strong></span> <span class='ocrx_word' id='word_1_199' title='bbox 330 2640 420 2710; x_wconf 89' lang='lat' dir='ltr'><strong>magis</strong></span> <span class='ocrx_word' id='word_1_200' title='bbox 439 2642 510 2698; x_wconf 92' lang='lat' dir='ltr'><strong>mihi</strong></span> <span class='ocrx_word' id='word_1_201' title='bbox 528 2658 699 2716; x_wconf 84' lang='lat' dir='ltr'><strong>persuasum</strong></span> <span class='ocrx_word' id='word_1_202' title='bbox 718 2644 778 2718; x_wconf 90' lang='lat' dir='ltr'><strong>est,</strong></span> <span class='ocrx_word' id='word_1_203' title='bbox 792 2644 895 2700; x_wconf 80' lang='lat' dir='ltr'><strong>&#39;totum</strong></span> <span class='ocrx_word' id='word_1_204' title='bbox 912 2645 1007 2720; x_wconf 75' lang='lat' dir='ltr'><strong>locum</strong></span> <span class='ocrx_word' id='word_1_205' title='bbox 1025 2664 1063 2704; x_wconf 84' lang='lat' dir='ltr'><strong>ex</strong></span> <span class='ocrx_word' id='word_1_206' title='bbox 1080 2647 1236 2717; x_wconf 83' lang='lat' dir='ltr'><strong>Virgihauo</strong></span> 
     </span>
     <span class='ocr_line' id='line_1_27' title="bbox 252 2725 1236 2811; baseline 0.009 -25"><span class='ocrx_word' id='word_1_207' title='bbox 252 2729 286 2786; x_wconf 90' lang='lat' dir='ltr'><strong>in</strong></span> <span class='ocrx_word' id='word_1_208' title='bbox 304 2731 408 2801; x_wconf 83' lang='lat' dir='ltr'><strong>Georg.</strong></span> <span class='ocrx_word' id='word_1_209' title='bbox 428 2731 462 2808; x_wconf 82' lang='lat'><strong>3,</strong></span> <span class='ocrx_word' id='word_1_210' title='bbox 482 2733 527 2789; x_wconf 89' lang='grc'><strong>31.</strong></span> <span class='ocrx_word' id='word_1_211' title='bbox 547 2734 672 2789; x_wconf 87' lang='lat' dir='ltr'><strong>effictum</strong></span> <span class='ocrx_word' id='word_1_212' title='bbox 691 2735 766 2788; x_wconf 59' lang='lat' dir='ltr'><strong>esscss</strong></span> <span class='ocrx_word' id='word_1_213' title='bbox 803 2733 877 2791; x_wconf 91' lang='lat' dir='ltr'><strong>Vide</strong></span> <span class='ocrx_word' id='word_1_214' title='bbox 890 2725 985 2811; x_wconf 85' lang='lat' dir='ltr'><strong>modo,</strong></span> <span class='ocrx_word' id='word_1_215' title='bbox 1005 2738 1236 2810; x_wconf 68' lang='lat' dir='ltr'><strong>quanta&#39;Horatii</strong></span> 
     </span>
    </p>

    <p class='ocr_par' dir='ltr' id='par_1_10' title="bbox 252 2820 1236 2993">
     <span class='ocr_line' id='line_1_28' title="bbox 252 2820 1186 2895; baseline 0.007 -17"><span class='ocrx_word' id='word_1_216' title='bbox 252 2820 384 2879; x_wconf 83' lang='lat' dir='ltr'><strong>versibus</strong></span> <span class='ocrx_word' id='word_1_217' title='bbox 403 2820 560 2880; x_wconf 89' lang='lat' dir='ltr'><strong>similitudo</strong></span> <span class='ocrx_word' id='word_1_218' title='bbox 577 2822 743 2880; x_wconf 86' lang='lat' dir='ltr'><strong>intercedat</strong></span> <span class='ocrx_word' id='word_1_219' title='bbox 756 2839 822 2880; x_wconf 88' lang='lat' dir='ltr'><strong>curn</strong></span> <span class='ocrx_word' id='word_1_220' title='bbox 839 2824 1003 2895; x_wconf 86' lang='lat' dir='ltr'><strong>Virgilianis</strong></span> <span class='ocrx_word' id='word_1_221' title='bbox 1022 2827 1084 2885; x_wconf 86' lang='lat' dir='ltr'><strong>his:</strong></span> <span class='ocrx_word' id='word_1_222' title='bbox 1183 2865 1186 2870; x_wconf 68' lang='lat'><strong>,</strong></span> 
     </span>
     <span class='ocr_line' id='line_1_29' title="bbox 367 2912 1236 2993; baseline 0.012 -25"><span class='ocrx_word' id='word_1_223' title='bbox 367 2961 371 2968; x_wconf 79' lang='grc'>,</span> <span class='ocrx_word' id='word_1_224' title='bbox 399 2912 515 2970; x_wconf 90' lang='lat' dir='ltr'><strong>Addam</strong></span> <span class='ocrx_word' id='word_1_225' title='bbox 532 2912 618 2969; x_wconf 90' lang='lat' dir='ltr'><strong>urbes</strong></span> <span class='ocrx_word' id='word_1_226' title='bbox 636 2913 725 2970; x_wconf 89' lang='lat' dir='ltr'><strong>Asiae</strong></span> <span class='ocrx_word' id='word_1_227' title='bbox 745 2913 882 2992; x_wconf 86' lang='lat' dir='ltr'><strong>domitas,</strong></span> <span class='ocrx_word' id='word_1_228' title='bbox 899 2915 1069 2991; x_wconf 87' lang='lat' dir='ltr'><strong>pulsumque</strong></span> <span class='ocrx_word' id='word_1_229' title='bbox 1087 2919 1236 2993; x_wconf 80' lang='lat' dir='ltr'><strong>Niphaten</strong></span> 
     </span>
    </p>

    <p class='ocr_par' dir='ltr' id='par_1_11' title="bbox 399 2991 1174 3080">
     <span class='ocr_line' id='line_1_30' title="bbox 399 2991 1174 3080; baseline 0.006 -19"><span class='ocrx_word' id='word_1_230' title='bbox 399 3002 607 3077; x_wconf 77' lang='lat' dir='ltr'><strong>Fidentemque</strong></span> <span class='ocrx_word' id='word_1_231' title='bbox 623 3001 703 3080; x_wconf 69' lang='lat' dir='ltr'><strong>lisga</strong></span> <span class='ocrx_word' id='word_1_232' title='bbox 718 3006 868 3063; x_wconf 80' lang='lat' dir='ltr'><strong>Parthum</strong></span> <span class='ocrx_word' id='word_1_233' title='bbox 886 2991 1033 3080; x_wconf 85' lang='lat' dir='ltr'><strong>versisque</strong></span> <span class='ocrx_word' id='word_1_234' title='bbox 1053 3010 1174 3080; x_wconf 81' lang='lat' dir='ltr'><strong>sagittis.</strong></span> 
     </span>
    </p>

    <p class='ocr_par' dir='ltr' id='par_1_12' title="bbox 399 3093 1168 3174">
     <span class='ocr_line' id='line_1_31' title="bbox 399 3093 1168 3174; baseline 0.008 -22"><span class='ocrx_word' id='word_1_235' title='bbox 399 3093 438 3152; x_wconf 86' lang='lat' dir='ltr'><strong>Et</strong></span> <span class='ocrx_word' id='word_1_236' title='bbox 457 3099 520 3174; x_wconf 48' lang='lat' dir='ltr'><strong>duo¹</strong></span> <span class='ocrx_word' id='word_1_237' title='bbox 535 3103 627 3169; x_wconf 83' lang='lat' dir='ltr'><strong>rapta</strong></span> <span class='ocrx_word' id='word_1_238' title='bbox 644 3111 731 3152; x_wconf 87' lang='lat' dir='ltr'><strong>manu</strong></span> <span class='ocrx_word' id='word_1_239' title='bbox 750 3095 865 3153; x_wconf 86' lang='lat' dir='ltr'><strong>diverso</strong></span> <span class='ocrx_word' id='word_1_240' title='bbox 884 3113 922 3154; x_wconf 89' lang='lat' dir='ltr'><strong>ex</strong></span> <span class='ocrx_word' id='word_1_241' title='bbox 939 3097 1022 3154; x_wconf 88' lang='lat' dir='ltr'><strong>hoste</strong></span> <span class='ocrx_word' id='word_1_242' title='bbox 1040 3105 1168 3172; x_wconf 81' lang='lat' dir='ltr'><strong>tropaea</strong></span> 
     </span>
    </p>

    <p class='ocr_par' dir='ltr' id='par_1_13' title="bbox 398 3173 1169 3261">
     <span class='ocr_line' id='line_1_32' title="bbox 398 3173 1169 3261; baseline 0.005 -19"><span class='ocrx_word' id='word_1_243' title='bbox 398 3173 506 3258; x_wconf 80' lang='lat' dir='ltr'><strong>Bisque</strong></span> <span class='ocrx_word' id='word_1_244' title='bbox 525 3186 715 3259; x_wconf 84' lang='lat' dir='ltr'><strong>triumphatas</strong></span> <span class='ocrx_word' id='word_1_245' title='bbox 733 3189 856 3261; x_wconf 87' lang='lat' dir='ltr'><strong>utroque</strong></span> <span class='ocrx_word' id='word_1_246' title='bbox 875 3188 911 3245; x_wconf 90' lang='lat' dir='ltr'><strong>ab</strong></span> <span class='ocrx_word' id='word_1_247' title='bbox 929 3188 1014 3246; x_wconf 88' lang='lat' dir='ltr'><strong>litore</strong></span> <span class='ocrx_word' id='word_1_248' title='bbox 1032 3192 1141 3260; x_wconf 83' lang='lat' dir='ltr'><strong>gentes.</strong></span> <span class='ocrx_word' id='word_1_249' title='bbox 1166 3193 1169 3199; x_wconf 82' lang='lat'>&#39;</span> 
     </span>
    </p>
   </div>
   <div class='ocr_carea' id='block_1_10' title="bbox 253 3251 1366 3352">
    <p class='ocr_par' dir='ltr' id='par_1_14' title="bbox 253 3251 1366 3352">
     <span class='ocr_line' id='line_1_33' title="bbox 253 3251 1366 3352; baseline 0.005 -22"><span class='ocrx_word' id='word_1_250' title='bbox 253 3272 329 3330; x_wconf 92' lang='lat' dir='ltr'><strong>Hinc</strong></span> <span class='ocrx_word' id='word_1_251' title='bbox 346 3273 421 3330; x_wconf 88' lang='lat' dir='ltr'><strong>nihil</strong></span> <span class='ocrx_word' id='word_1_252' title='bbox 439 3275 535 3332; x_wconf 87' lang='lat' dir='ltr'><strong>tribuo</strong></span> <span class='ocrx_word' id='word_1_253' title='bbox 553 3275 713 3352; x_wconf 85' lang='lat' dir='ltr'><strong>Niphates,</strong></span> <span class='ocrx_word' id='word_1_254' title='bbox 739 3294 825 3352; x_wconf 91' lang='lat' dir='ltr'><strong>quem</strong></span> <span class='ocrx_word' id='word_1_255' title='bbox 842 3295 861 3336; x_wconf 91' lang='lat' dir='ltr'><strong>a</strong></span> <span class='ocrx_word' id='word_1_256' title='bbox 878 3279 998 3350; x_wconf 85' lang='lat' dir='ltr'><strong>Virgilio</strong></span> <span class='ocrx_word' id='word_1_257' title='bbox 1016 3281 1162 3336; x_wconf 86' lang='lat' dir='ltr'><strong>mutuatus</strong></span> <span class='ocrx_word' id='word_1_258' title='bbox 1178 3282 1250 3336; x_wconf 74' lang='lat' dir='ltr'><strong>est.¹</strong></span> <span class='ocrx_word' id='word_1_259' title='bbox 1365 3251 1366 3254; x_wconf 8' lang='grc' dir='ltr'><strong>Ἴ</strong></span> 
     </span>
    </p>
   </div>
   <div class='ocr_carea' id='block_1_11' title="bbox 228 3362 1234 3892">
    <p class='ocr_par' dir='ltr' id='par_1_15' title="bbox 228 3362 1234 3892">
     <span class='ocr_line' id='line_1_34' title="bbox 251 3362 1234 3446; baseline 0.002 -22"><span class='ocrx_word' id='word_1_260' title='bbox 251 3365 292 3424; x_wconf 79' lang='lat' dir='ltr'><strong>nt</strong></span> <span class='ocrx_word' id='word_1_261' title='bbox 309 3362 458 3420; x_wconf 86' lang='lat' dir='ltr'><strong>obscurior</strong></span> <span class='ocrx_word' id='word_1_262' title='bbox 476 3366 591 3422; x_wconf 89' lang='lat' dir='ltr'><strong>omniuo</strong></span> <span class='ocrx_word' id='word_1_263' title='bbox 611 3365 673 3436; x_wconf 85' lang='lat' dir='ltr'><strong>ejus</strong></span> <span class='ocrx_word' id='word_1_264' title='bbox 693 3371 923 3426; x_wconf 86' lang='lat' dir='ltr'><strong>commemoratio</strong></span> <span class='ocrx_word' id='word_1_265' title='bbox 942 3375 1001 3446; x_wconf 89' lang='lat' dir='ltr'><strong>est,</strong></span> <span class='ocrx_word' id='word_1_266' title='bbox 1021 3386 1106 3444; x_wconf 90' lang='lat' dir='ltr'><strong>quam</strong></span> <span class='ocrx_word' id='word_1_267' title='bbox 1123 3371 1157 3425; x_wconf 90' lang='lat' dir='ltr'><strong>ut</strong></span> <span class='ocrx_word' id='word_1_268' title='bbox 1174 3371 1234 3426; x_wconf 91' lang='lat' dir='ltr'><strong>llo-</strong></span> 
     </span>
     <span class='ocr_line' id='line_1_35' title="bbox 228 3455 1234 3533; baseline 0.004 -19"><span class='ocrx_word' id='word_1_269' title='bbox 228 3455 344 3515; x_wconf 86' lang='lat' dir='ltr'><strong>·ratius</strong></span> <span class='ocrx_word' id='word_1_270' title='bbox 368 3469 404 3509; x_wconf 91' lang='lat' dir='ltr'><strong>ea</strong></span> <span class='ocrx_word' id='word_1_271' title='bbox 427 3456 557 3524; x_wconf 87' lang='lat' dir='ltr'><strong>tetigisse</strong></span> <span class='ocrx_word' id='word_1_272' title='bbox 581 3455 660 3512; x_wconf 90' lang='lat' dir='ltr'><strong>credi</strong></span> <span class='ocrx_word' id='word_1_273' title='bbox 683 3458 791 3533; x_wconf 86' lang='lat' dir='ltr'><strong>possit,</strong></span> <span class='ocrx_word' id='word_1_274' title='bbox 820 3475 895 3530; x_wconf 88' lang='lat' dir='ltr'><strong>quae</strong></span> <span class='ocrx_word' id='word_1_275' title='bbox 920 3461 1234 3532; x_wconf 77' lang='lat' dir='ltr'><strong>a.734.gestac1aris</strong></span> 
     </span>
     <span class='ocr_line' id='line_1_36' title="bbox 252 3541 1156 3624; baseline 0.004 -19"><span class='ocrx_word' id='word_1_276' title='bbox 252 3545 351 3613; x_wconf 69' lang='lat' dir='ltr'><strong>uerbis</strong></span> <span class='ocrx_word' id='word_1_277' title='bbox 369 3544 412 3600; x_wconf 84' lang='lat' dir='ltr'><strong>ita</strong></span> <span class='ocrx_word' id='word_1_278' title='bbox 430 3541 584 3618; x_wconf 86' lang='lat' dir='ltr'><strong>descripsit</strong></span> <span class='ocrx_word' id='word_1_279' title='bbox 603 3546 634 3601; x_wconf 91' lang='lat' dir='ltr'><strong>in</strong></span> <span class='ocrx_word' id='word_1_280' title='bbox 652 3547 736 3620; x_wconf 89' lang='lat' dir='ltr'><strong>epist.</strong></span> <span class='ocrx_word' id='word_1_281' title='bbox 758 3547 790 3624; x_wconf 87' lang='lat'><strong>1,</strong></span> <span class='ocrx_word' id='word_1_282' title='bbox 811 3549 855 3606; x_wconf 80' lang='lat'><strong>12.</strong></span> <span class='ocrx_word' id='word_1_283' title='bbox 875 3549 913 3604; x_wconf 83' lang='lat'><strong>26</strong></span> <span class='ocrx_word' id='word_1_284' title='bbox 931 3567 990 3623; x_wconf 78' lang='lat' dir='ltr'><strong>sq:</strong></span> <span class='ocrx_word' id='word_1_285' title='bbox 1153 3593 1156 3600; x_wconf 79' lang='lat'>·</span> 
     </span>
     <span class='ocr_line' id='line_1_37' title="bbox 366 3625 1094 3713; baseline 0.012 -19"><span class='ocrx_word' id='word_1_286' title='bbox 366 3632 510 3694; x_wconf 85' lang='lat' dir='ltr'><strong>Cantaber</strong></span> <span class='ocrx_word' id='word_1_287' title='bbox 527 3625 690 3713; x_wconf 86' lang='lat' dir='ltr'><strong>Agrippae,</strong></span> <span class='ocrx_word' id='word_1_288' title='bbox 712 3639 820 3697; x_wconf 75' lang='grc'><strong>01111111·</strong></span> <span class='ocrx_word' id='word_1_289' title='bbox 836 3642 952 3698; x_wconf 68' lang='lat' dir='ltr'><strong>cimam</strong></span> <span class='ocrx_word' id='word_1_290' title='bbox 962 3643 1094 3712; x_wconf 80' lang='lat' dir='ltr'><strong>Neronis</strong></span> 
     </span>
     <span class='ocr_line' id='line_1_38' title="bbox 261 3724 1171 3802; baseline 0.007 -18"><span class='ocrx_word' id='word_1_291' title='bbox 261 3749 262 3756; x_wconf 48' lang='lat'>¹</span> <span class='ocrx_word' id='word_1_292' title='bbox 363 3724 525 3786; x_wconf 78' lang='lat' dir='ltr'><strong>Armenias</strong></span> <span class='ocrx_word' id='word_1_293' title='bbox 543 3727 662 3800; x_wconf 59' lang='lat' dir='ltr'><strong>aeciam</strong></span> <span class='ocrx_word' id='word_1_294' title='bbox 679 3727 726 3800; x_wconf 81' lang='lat' dir='ltr'><strong>jus</strong></span> <span class='ocrx_word' id='word_1_295' title='bbox 743 3729 951 3802; x_wconf 88' lang='lat' dir='ltr'><strong>imperiumque</strong></span> <span class='ocrx_word' id='word_1_296' title='bbox 969 3731 1108 3792; x_wconf 86' lang='lat' dir='ltr'><strong>Phraates</strong></span> <span class='ocrx_word' id='word_1_297' title='bbox 1169 3775 1171 3780; x_wconf 68' lang='lat'><strong>,</strong></span> 
     </span>
     <span class='ocr_line' id='line_1_39' title="bbox 246 3815 940 3892; baseline 0.006 -19"><span class='ocrx_word' id='word_1_298' title='bbox 246 3845 266 3860; x_wconf 48' lang='lat'><strong>⁴-</strong></span> <span class='ocrx_word' id='word_1_299' title='bbox 364 3815 496 3876; x_wconf 70' lang='lat' dir='ltr'><strong>Caesaris</strong></span> <span class='ocrx_word' id='word_1_300' title='bbox 514 3817 625 3892; x_wconf 89' lang='lat' dir='ltr'><strong>accepit</strong></span> <span class='ocrx_word' id='word_1_301' title='bbox 640 3818 763 3890; x_wconf 86' lang='lat' dir='ltr'><strong>genibus</strong></span> <span class='ocrx_word' id='word_1_302' title='bbox 782 3819 882 3877; x_wconf 89' lang='lat' dir='ltr'><strong>minor.</strong></span> <span class='ocrx_word' id='word_1_303' title='bbox 902 3851 940 3867; x_wconf 86' lang='lat'><strong>--</strong></span> 
     </span>
    </p>
   </div>
   <div class='ocr_carea' id='block_1_12' title="bbox 0 0 1384 4588">
    <p class='ocr_par' dir='ltr' id='par_1_16' title="bbox 0 0 1384 4588">
     <span class='ocr_line' id='line_1_40' title="bbox 0 0 1384 4588; baseline 0 0"><span class='ocrx_word' id='word_1_304' title='bbox 0 0 1384 4588; x_wconf 95' lang='lat' dir='ltr'><strong> </strong></span> 
     </span>
    </p>
   </div>
  </div>
 </body>
</html>
