2792 4576
609 159 815 270 ...ω’-

225 368 258 422 nt
274 358 386 422 recluso
403 365 494 423 veluti
512 368 629 439 pectore
646 370 762 441 poetam
779 365 849 425 talin
859 365 996 444 spirasse,
1015 369 1103 429 immo
1114 373 1206 429 totum

224 457 256 514 in
274 455 332 517 illis
349 457 439 514 fuisse
458 457 566 514 sentias
583 457 726 518 iacillimc.

298 547 408 614 Quodsi
425 563 485 603 non
502 551 611 605 temere
630 565 762 608 amorem
779 545 888 619 lyricae
906 547 1019 605 Horatii
1031 552 1128 623 poesis
1139 569 1204 609 ner·

224 655 292 696 vum
311 638 485 710 significasse
504 639 641 716 videbor,
664 656 730 698 meo
751 639 813 708 jam
832 639 898 708 jure
923 641 1037 696 uiaret
1057 643 1202 719 colligam,

224 745 299 804 quae
322 729 417 799 colligi
441 731 519 785 recte
544 733 659 802 queant.
696 729 844 788 Audacter
867 728 944 786 enim
968 732 999 786 ct
1022 733 1125 805 quovis
1149 749 1203 804 ego

223 821 344 896 pignore
372 819 545 876 contendere
561 811 685 895 ausim,
712 821 875 878 Horatium
903 824 1000 878 amori
1026 829 1056 880 ct
1081 826 1204 880 melicae

221 913 306 985 poesi
324 925 385 968 ccco
410 913 526 967 circiter
551 899 706 968 eteoclem
733 917 865 982 tempore
890 913 1081 970 valedictus.
1118 912 1203 979 Quod

223 998 340 1076 quidem
364 998 505 1070 judicium
532 1001 584 1056 rix
610 1016 713 1058 vereor
736 1017 773 1058 ne
793 1000 857 1073 quis
872 1001 952 1072 justo
972 1001 1102 1076 cupidius
1121 1019 1139 1076 a
1156 1019 1201 1060 me

223 1095 331 1150 iactum
349 1108 412 1147 esse
432 1090 607 1147 criminetur.
644 1091 719 1150 Nam
736 1092 778 1148 nil
796 1093 925 1165 prolecto
943 1094 1035 1164 magis
1055 1097 1202 1150 consanta·

191 1182 194 1190 “
223 1200 321 1259 neum,
340 1198 426 1255 quam
443 1184 478 1250 ut
495 1184 592 1257 poeta,
611 1197 669 1255 qua
687 1184 781 1238 aetate
801 1184 869 1239 anni
881 1185 983 1239 euntes
998 1184 1091 1260 J‘ocos,
1110 1188 1204 1243 Vene-

222 1291 294 1349 rem,
314 1272 461 1349 convivia,
485 1271 584 1329 ludum
609 1273 775 1346 eripuerunt
793 1279 823 1330 et
840 1289 897 1347 qua
914 1275 976 1329 tota
1000 1274 1061 1344 ejus
1086 1274 1202 1332 vivendi

221 1365 297 1422 ratio
317 1349 444 1420 severior
462 1365 538 1420 iacta
557 1365 618 1438 est,
642 1363 745 1420 cadem
763 1364 850 1422 ctiam
868 1363 984 1422 levioris
1008 1364 1202 1437 molliorisqua

223 1455 341 1529 spiritns
361 1453 487 1522 carmina
511 1454 638 1512 scribere
665 1455 752 1512 fucrit
779 1454 958 1526 dedignatus.
995 1457 1060 1534 lam
1087 1455 1202 1527 quando

218 1546 356 1618 juvenilis
374 1545 422 1600 ille
441 1543 523 1614 vigor
546 1546 693 1604 amoribus
711 1547 742 1602 et
760 1545 935 1618 quibuslibet
958 1544 1034 1601 vitae
1057 1545 1201 1602 liberioris

221 1636 314 1693 modis
334 1637 419 1706 aptus
444 1633 635 1713 deferbuerit,
664 1650 725 1694 non
748 1635 850 1693 dubios
874 1647 927 1692 nos
952 1651 1016 1692 essa
1041 1633 1110 1692 sinit
1128 1636 1199 1708 ipsa.
1267 1648 1270 1654 ·

222 1724 472 1796 Quadragenarius
501 1727 577 1784 enim
602 1728 631 1784 h.
651 1744 678 1786 e.
706 1728 771 1800 ipso
800 1727 868 1784 anni
884 1743 912 1784 u.
933 1743 958 1784 c.
973 1725 1041 1782 229.
1069 1725 1150 1782 exitu
1168 1740 1200 1780 sa

221 1816 258 1874 ab
277 1815 355 1873 omni
373 1831 470 1872 amore
488 1816 612 1876 liberum
630 1822 661 1876 et
680 1835 802 1876 vacuum
820 1818 908 1876 luisse
920 1819 1044 1874 testatur
1054 1815 1199 1878 Xanthiae

220 1909 263 1968 illi
280 1907 394 1966 Phocco
411 1907 444 1963 in
462 1924 549 1966 carm.
568 1910 597 1985 2,
616 1911 643 1966 4.
663 1910 699 1967 21
720 1921 778 1981 sq.2

367 1999 490 2056 Brachia
509 2003 540 2056 et
557 2001 667 2056 vultum
685 1999 850 2069 teretesque
869 2015 951 2056 suras

366 2091 487 2161 Imeyar
503 2088 607 2164 laud03
632 2091 699 2157 fuge
719 2086 869 2161 suspicari,

368 2176 456 2245 Cujus
474 2179 608 2232 octavum
625 2174 782 2247 trepidavit
799 2177 880 2230 aetas

370 2335 374 2344 Ι
417 2265 556 2322 Claudcre
574 2267 715 2340 lustrum,

219 2360 261 2416 ita
279 2359 312 2414 ut
330 2370 406 2414 anno
423 2355 498 2431 730,
519 2371 575 2429 qno
593 2355 680 2432 odi,
694 2355 739 2412 19.
753 2356 817 2412 orta
834 2352 951 2412 videtur
968 2349 1200 2438 (obv.1o.11.),

220 2453 298 2525 recte
316 2447 445 2524 potuerit
463 2447 588 2504 scribere
607 2464 635 2505 v.
656 2448 672 2505 1
693 2463 752 2521 sq.:

366 2541 462 2596 Mater
480 2556 567 2596 saeva
586 2539 761 2614 Cupidinum

415 2631 628 2705 Thebanaeque
644 2632 729 2701 jubet
747 2647 794 2688 me
813 2631 941 2690 Semeles
959 2646 1033 2707 puer
1115 2685 1119 2695 .

365 2718 404 2777 Et
421 2720 529 2776 lasciva
547 2721 680 2778 Licentia

299 2855 301 2862 ,
415 2812 522 2869 Finitis
539 2812 667 2869 manum
683 2809 805 2878 reddere
825 2814 987 2880 amoribus.

108 2887 112 2900 ⁸
220 2899 298 2972 Quid
317 2895 440 2960 mirnmi
471 2901 582 2958 Eodem
607 2903 737 2974 tempore
756 2905 876 2960 canities
895 2903 997 2974 poetae
1017 2895 1199 2981 (praeconat

220 2997 305 3070 epist.
326 2994 353 3071 1,
372 2994 418 3052 20.
437 2993 483 3050 24.
503 2990 629 3050 Schmid.
655 2991 693 3048 ad
711 2992 796 3065 epist.
817 2994 844 3069 1,
863 2988 890 3048 7.
910 2984 974 3069 26.)
998 2992 1143 3070 obrepsit,
1167 2997 1201 3050 nt

219 3088 301 3160 patet
319 3102 357 3142 ex
375 3087 501 3144 carmine
519 3085 587 3142 libri
605 3083 656 3142 111.
678 3084 722 3141 14.
742 3084 795 3141 sub
820 3085 905 3140 finem
923 3098 949 3138 a.
969 3082 1033 3140 729.
1052 3085 1100 3148 vel
1117 3086 1200 3142 initio
1285 3101 1289 3105 ·
1309 3152 1312 3158 ,
1338 3165 1343 3173 „

220 3177 367 3249 sequentis
387 3181 515 3254 exarato,
536 3189 609 3234 vers.
629 3175 665 3232 25
685 3191 744 3249 sq.r

366 3267 453 3324 Lenit
472 3270 624 3326 mascam
642 3267 754 3324 animos
772 3265 900 3334 copulata

367 3356 476 3413 Litium
496 3360 526 3414 et
543 3359 625 3414 rixae
644 3354 763 3428 cupidos
782 3354 949 3425 protervae:

266 3458 270 3466 '
365 3447 432 3504 Non
451 3462 504 3516 ego
523 3448 578 3504 hoc
597 3449 701 3502 ferrem
719 3440 828 3500 calidus
842 3443 964 3514 juventa

418 3537 542 3595 Consule
559 3533 684 3608 Planco,
896 3523 899 3529 ¹

219 3649 274 3691 nco
293 3632 387 3690 minus
406 3628 515 3703 exeis,
536 3642 608 3701 quaa
628 3625 762 3691 Quinctio
781 3644 833 3684 suo
852 3627 965 3703 aequali
976 3628 1008 3684 in
1019 3643 1105 3685 carm.
1115 3628 1143 3706 2,
1154 3626 1198 3685 ll.
1215 3661 1216 3668 κ

1378 445 1380 524 t
