<?xml version="1.0" encoding="UTF-8"?>
<!DOCTYPE html PUBLIC "-//W3C//DTD XHTML 1.0 Transitional//EN"
    "http://www.w3.org/TR/xhtml1/DTD/xhtml1-transitional.dtd">
<html xmlns="http://www.w3.org/1999/xhtml" xml:lang="en" lang="en">
 <head>
  <title>
</title>
<meta http-equiv="Content-Type" content="text/html;charset=utf-8" />
  <meta name='ocr-system' content='tesseract 3.04.00' />
  <meta name='ocr-capabilities' content='ocr_page ocr_carea ocr_par ocr_line ocrx_word'/>
</head>
<body>
  <div class='ocr_page' id='page_1' title='image "./fastihoratiani00lachgoog_0014.png"; bbox 0 0 2792 4576; ppageno 0'>
   <div class='ocr_carea' id='block_1_1' title="bbox 603 257 810 326">
    <p class='ocr_par' dir='ltr' id='par_1_1' title="bbox 603 257 810 326">
     <span class='ocr_line' id='line_1_1' title="bbox 603 257 810 326; baseline -0.01 -18"><span class='ocrx_word' id='word_1_1' title='bbox 603 257 810 326; x_wconf 69' lang='lat'>...7-</span> 
     </span>
    </p>
   </div>
   <div class='ocr_carea' id='block_1_2' title="bbox 212 413 1317 778">
    <p class='ocr_par' dir='ltr' id='par_1_2' title="bbox 212 413 1317 778">
     <span class='ocr_line' id='line_1_2' title="bbox 213 413 1317 500; baseline 0.003 -16"><span class='ocrx_word' id='word_1_2' title='bbox 213 429 233 484; x_wconf 90' lang='lat' dir='ltr'><strong>i.</strong></span> <span class='ocrx_word' id='word_1_3' title='bbox 253 441 277 484; x_wconf 90' lang='lat' dir='ltr'><strong>e.</strong></span> <span class='ocrx_word' id='word_1_4' title='bbox 297 425 348 484; x_wconf 86' lang='lat' dir='ltr'><strong>aut</strong></span> <span class='ocrx_word' id='word_1_5' title='bbox 364 421 510 500; x_wconf 80' lang='lat' dir='ltr'><strong>publicani</strong></span> <span class='ocrx_word' id='word_1_6' title='bbox 527 422 660 484; x_wconf 81' lang='lat' dir='ltr'><strong>minister</strong></span> <span class='ocrx_word' id='word_1_7' title='bbox 677 425 708 482; x_wconf 93' lang='lat' dir='ltr'><strong>et</strong></span> <span class='ocrx_word' id='word_1_8' title='bbox 721 422 908 500; x_wconf 76' lang='lat' dir='ltr'><strong>pecuniarum</strong></span> <span class='ocrx_word' id='word_1_9' title='bbox 918 422 986 483; x_wconf 86' lang='lat' dir='ltr'><strong>huto</strong></span> <span class='ocrx_word' id='word_1_10' title='bbox 1000 423 1201 486; x_wconf 68' lang='lat' dir='ltr'><strong>sumtuum</strong></span> <span class='ocrx_word' id='word_1_11' title='bbox 1284 417 1287 426; x_wconf 58' lang='lat'><strong>¹</strong></span> <span class='ocrx_word' id='word_1_12' title='bbox 1314 413 1317 420; x_wconf 64' lang='grc'>’</span> 
     </span>
     <span class='ocr_line' id='line_1_3' title="bbox 212 514 1200 597; baseline 0 -21"><span class='ocrx_word' id='word_1_13' title='bbox 212 519 345 597; x_wconf 74' lang='lat' dir='ltr'><strong>exactor,</strong></span> <span class='ocrx_word' id='word_1_14' title='bbox 371 518 421 574; x_wconf 91' lang='lat' dir='ltr'><strong>aut</strong></span> <span class='ocrx_word' id='word_1_15' title='bbox 439 515 595 588; x_wconf 84' lang='lat' dir='ltr'><strong>argentarii</strong></span> <span class='ocrx_word' id='word_1_16' title='bbox 612 515 814 574; x_wconf 82' lang='lat' dir='ltr'><strong>mereenarius.</strong></span> <span class='ocrx_word' id='word_1_17' title='bbox 853 514 911 584; x_wconf 81' lang='lat' dir='ltr'><strong>Qui</strong></span> <span class='ocrx_word' id='word_1_18' title='bbox 928 529 1102 594; x_wconf 84' lang='lat' dir='ltr'><strong>quamquam</strong></span> <span class='ocrx_word' id='word_1_19' title='bbox 1120 533 1200 595; x_wconf 87' lang='lat' dir='ltr'><strong>„ma-</strong></span> 
     </span>
     <span class='ocr_line' id='line_1_4' title="bbox 213 601 1201 688; baseline 0.001 -24"><span class='ocrx_word' id='word_1_20' title='bbox 213 624 262 664; x_wconf 82' lang='lat' dir='ltr'><strong>aro</strong></span> <span class='ocrx_word' id='word_1_21' title='bbox 285 623 397 682; x_wconf 87' lang='lat' dir='ltr'><strong>pauper</strong></span> <span class='ocrx_word' id='word_1_22' title='bbox 420 601 553 683; x_wconf 78' lang='lat' dir='ltr'><strong>agello,”</strong></span> <span class='ocrx_word' id='word_1_23' title='bbox 570 601 652 688; x_wconf 83' lang='lat' dir='ltr'><strong>(Sat</strong></span> <span class='ocrx_word' id='word_1_24' title='bbox 674 605 747 681; x_wconf 84' lang='lat' dir='ltr'><strong>1,o.</strong></span> <span class='ocrx_word' id='word_1_25' title='bbox 766 602 836 687; x_wconf 83' lang='lat' dir='ltr'><strong>il.)</strong></span> <span class='ocrx_word' id='word_1_26' title='bbox 853 607 888 664; x_wconf 89' lang='grc' dir='ltr'><strong>ιιι</strong></span> <span class='ocrx_word' id='word_1_27' title='bbox 904 606 995 683; x_wconf 86' lang='lat' dir='ltr'><strong>illine,</strong></span> <span class='ocrx_word' id='word_1_28' title='bbox 1021 625 1201 685; x_wconf 84' lang='lat' dir='ltr'><strong>„pauperum</strong></span> 
     </span>
     <span class='ocr_line' id='line_1_5' title="bbox 213 689 1200 778; baseline 0.003 -24"><span class='ocrx_word' id='word_1_29' title='bbox 213 698 330 771; x_wconf 84' lang='lat' dir='ltr'><strong>sanguis</strong></span> <span class='ocrx_word' id='word_1_30' title='bbox 348 697 517 772; x_wconf 84' lang='lat' dir='ltr'><strong>parentum”</strong></span> <span class='ocrx_word' id='word_1_31' title='bbox 535 689 599 777; x_wconf 87' lang='lat' dir='ltr'><strong>(od.</strong></span> <span class='ocrx_word' id='word_1_32' title='bbox 617 697 649 773; x_wconf 80' lang='lat'><strong>2,</strong></span> <span class='ocrx_word' id='word_1_33' title='bbox 667 697 714 754; x_wconf 73' lang='lat'><strong>20.</strong></span> <span class='ocrx_word' id='word_1_34' title='bbox 733 693 779 778; x_wconf 89' lang='grc'><strong>6.)</strong></span> <span class='ocrx_word' id='word_1_35' title='bbox 797 697 876 755; x_wconf 84' lang='lat' dir='ltr'><strong>reule</strong></span> <span class='ocrx_word' id='word_1_36' title='bbox 895 713 927 755; x_wconf 85' lang='lat' dir='ltr'><strong>se</strong></span> <span class='ocrx_word' id='word_1_37' title='bbox 945 699 1075 772; x_wconf 61' lang='lat' dir='ltr'><strong>multari</strong></span> <span class='ocrx_word' id='word_1_38' title='bbox 1098 702 1200 774; x_wconf 77' lang='lat' dir='ltr'><strong>potue—</strong></span> 
     </span>
    </p>
   </div>
   <div class='ocr_carea' id='block_1_3' title="bbox 211 782 1200 870">
    <p class='ocr_par' dir='ltr' id='par_1_3' title="bbox 211 782 1200 870">
     <span class='ocr_line' id='line_1_6' title="bbox 211 782 1200 870; baseline 0.004 -25"><span class='ocrx_word' id='word_1_39' title='bbox 211 789 252 845; x_wconf 91' lang='lat' dir='ltr'><strong>rit</strong></span> <span class='ocrx_word' id='word_1_40' title='bbox 269 787 323 866; x_wconf 84' lang='lat' dir='ltr'><strong>„in</strong></span> <span class='ocrx_word' id='word_1_41' title='bbox 340 787 421 846; x_wconf 87' lang='lat' dir='ltr'><strong>tenui</strong></span> <span class='ocrx_word' id='word_1_42' title='bbox 438 805 471 846; x_wconf 88' lang='lat' dir='ltr'><strong>re</strong></span> <span class='ocrx_word' id='word_1_43' title='bbox 489 788 612 861; x_wconf 76' lang='lat' dir='ltr'><strong>maiores</strong></span> <span class='ocrx_word' id='word_1_44' title='bbox 630 801 742 862; x_wconf 82' lang='lat' dir='ltr'><strong>pennas</strong></span> <span class='ocrx_word' id='word_1_45' title='bbox 759 787 830 852; x_wconf 86' lang='lat' dir='ltr'><strong>nido</strong></span> <span class='ocrx_word' id='word_1_46' title='bbox 848 787 1032 848; x_wconf 59' lang='lat' dir='ltr'><strong>exuamur</strong></span> <span class='ocrx_word' id='word_1_47' title='bbox 1050 782 1151 870; x_wconf 81' lang='lat' dir='ltr'><strong>(epist</strong></span> <span class='ocrx_word' id='word_1_48' title='bbox 1172 789 1200 866; x_wconf 87' lang='lat' dir='ltr'><strong>l,</strong></span> 
     </span>
    </p>
   </div>
   <div class='ocr_carea' id='block_1_4' title="bbox 208 875 1291 958">
    <p class='ocr_par' dir='ltr' id='par_1_4' title="bbox 208 875 1291 958">
     <span class='ocr_line' id='line_1_7' title="bbox 208 875 1291 958; baseline 0.006 -23"><span class='ocrx_word' id='word_1_49' title='bbox 208 879 257 942; x_wconf 73' lang='lat'><strong>20.</strong></span> <span class='ocrx_word' id='word_1_50' title='bbox 277 875 357 958; x_wconf 72' lang='grc' dir='ltr'>ιι),</span> <span class='ocrx_word' id='word_1_51' title='bbox 382 882 413 937; x_wconf 85' lang='lat' dir='ltr'><strong>ei</strong></span> <span class='ocrx_word' id='word_1_52' title='bbox 430 896 448 937; x_wconf 91' lang='lat' dir='ltr'><strong>a</strong></span> <span class='ocrx_word' id='word_1_53' title='bbox 465 879 599 954; x_wconf 86' lang='lat' dir='ltr'><strong>politiore</strong></span> <span class='ocrx_word' id='word_1_54' title='bbox 617 877 793 937; x_wconf 65' lang='lat' dir='ltr'><strong>manorum</strong></span> <span class='ocrx_word' id='word_1_55' title='bbox 817 879 961 952; x_wconf 65' lang='grc' dir='ltr'>οιθεαιιιιιι</span> <span class='ocrx_word' id='word_1_56' title='bbox 978 879 1129 944; x_wconf 84' lang='lat' dir='ltr'><strong>abhorruit</strong></span> <span class='ocrx_word' id='word_1_57' title='bbox 1145 893 1201 940; x_wconf 85' lang='lat' dir='ltr'><strong>neo</strong></span> <span class='ocrx_word' id='word_1_58' title='bbox 1289 911 1291 920; x_wconf 45' lang='lat' dir='ltr'>v</span> 
     </span>
    </p>
   </div>
   <div class='ocr_carea' id='block_1_5' title="bbox 206 969 1270 1592">
    <p class='ocr_par' dir='ltr' id='par_1_5' title="bbox 206 969 1270 1592">
     <span class='ocr_line' id='line_1_8' title="bbox 210 969 1202 1046; baseline 0.004 -19"><span class='ocrx_word' id='word_1_59' title='bbox 210 971 302 1028; x_wconf 82' lang='lat' dir='ltr'><strong>literis</strong></span> <span class='ocrx_word' id='word_1_60' title='bbox 321 970 376 1027; x_wconf 79' lang='lat' dir='ltr'><strong>inii</strong></span> <span class='ocrx_word' id='word_1_61' title='bbox 394 971 537 1029; x_wconf 76' lang='lat' dir='ltr'><strong>exoritur:</strong></span> <span class='ocrx_word' id='word_1_62' title='bbox 555 973 616 1032; x_wconf 83' lang='lat' dir='ltr'><strong>tam</strong></span> <span class='ocrx_word' id='word_1_63' title='bbox 633 969 780 1045; x_wconf 79' lang='lat' dir='ltr'><strong>praeclare</strong></span> <span class='ocrx_word' id='word_1_64' title='bbox 798 972 897 1030; x_wconf 83' lang='lat' dir='ltr'><strong>tamen</strong></span> <span class='ocrx_word' id='word_1_65' title='bbox 906 971 990 1046; x_wconf 88' lang='lat' dir='ltr'><strong>pueri</strong></span> <span class='ocrx_word' id='word_1_66' title='bbox 1001 969 1202 1031; x_wconf 74' lang='lat' dir='ltr'>educationem</span> 
     </span>
     <span class='ocr_line' id='line_1_9' title="bbox 209 1059 1201 1138; baseline 0.003 -21"><span class='ocrx_word' id='word_1_67' title='bbox 209 1060 348 1137; x_wconf 79' lang='lat' dir='ltr'><strong>instituit,</strong></span> <span class='ocrx_word' id='word_1_68' title='bbox 365 1062 476 1118; x_wconf 88' lang='lat' dir='ltr'><strong>utnon</strong></span> <span class='ocrx_word' id='word_1_69' title='bbox 492 1060 655 1120; x_wconf 67' lang='lat' dir='ltr'><strong>mumdum</strong></span> <span class='ocrx_word' id='word_1_70' title='bbox 672 1061 722 1138; x_wconf 87' lang='lat' dir='ltr'><strong>ait,</strong></span> <span class='ocrx_word' id='word_1_71' title='bbox 740 1061 819 1135; x_wconf 85' lang='lat' dir='ltr'><strong>quod</strong></span> <span class='ocrx_word' id='word_1_72' title='bbox 831 1059 942 1131; x_wconf 59' lang='lat' dir='ltr'><strong>jusum</strong></span> <span class='ocrx_word' id='word_1_73' title='bbox 957 1059 1201 1137; x_wconf 72' lang='lat' dir='ltr'><strong>iuvidmtlamque</strong></span> 
     </span>
     <span class='ocr_line' id='line_1_10' title="bbox 210 1149 1270 1226; baseline 0.001 -17"><span class='ocrx_word' id='word_1_74' title='bbox 210 1151 259 1210; x_wconf 80' lang='lat' dir='ltr'><strong>rel</strong></span> <span class='ocrx_word' id='word_1_75' title='bbox 277 1151 354 1226; x_wconf 89' lang='lat' dir='ltr'><strong>apud</strong></span> <span class='ocrx_word' id='word_1_76' title='bbox 370 1153 503 1226; x_wconf 77' lang='lat' dir='ltr'><strong>posterus</strong></span> <span class='ocrx_word' id='word_1_77' title='bbox 521 1153 659 1224; x_wconf 78' lang='lat' dir='ltr'><strong>meruerit</strong></span> <span class='ocrx_word' id='word_1_78' title='bbox 676 1152 853 1210; x_wconf 80' lang='lat' dir='ltr'><strong>memoriam.</strong></span> <span class='ocrx_word' id='word_1_79' title='bbox 891 1151 962 1212; x_wconf 77' lang='lat' dir='ltr'><strong>ruit</strong></span> <span class='ocrx_word' id='word_1_80' title='bbox 978 1152 1066 1210; x_wconf 86' lang='lat' dir='ltr'><strong>homo</strong></span> <span class='ocrx_word' id='word_1_81' title='bbox 1082 1153 1159 1225; x_wconf 72' lang='lat' dir='ltr'><strong>nugi</strong></span> <span class='ocrx_word' id='word_1_82' title='bbox 1169 1156 1201 1210; x_wconf 80' lang='lat' dir='ltr'><strong>et</strong></span> <span class='ocrx_word' id='word_1_83' title='bbox 1264 1149 1270 1158; x_wconf 87' lang='lat'><em>&#39;</em></span> 
     </span>
     <span class='ocr_line' id='line_1_11' title="bbox 209 1241 1200 1322; baseline 0.002 -22"><span class='ocrx_word' id='word_1_84' title='bbox 209 1242 359 1318; x_wconf 82' lang='lat' dir='ltr'><strong>honestus,</strong></span> <span class='ocrx_word' id='word_1_85' title='bbox 377 1259 433 1300; x_wconf 86' lang='lat' dir='ltr'><strong>usu</strong></span> <span class='ocrx_word' id='word_1_86' title='bbox 452 1244 482 1299; x_wconf 85' lang='lat' dir='ltr'><strong>ei</strong></span> <span class='ocrx_word' id='word_1_87' title='bbox 500 1243 705 1322; x_wconf 58' lang='grc' dir='ltr'>εζοιοιιιιισιιε</span> <span class='ocrx_word' id='word_1_88' title='bbox 724 1241 883 1302; x_wconf 76' lang='lat' dir='ltr'><strong>oummums</strong></span> <span class='ocrx_word' id='word_1_89' title='bbox 901 1243 979 1300; x_wconf 82' lang='lat' dir='ltr'><strong>ritae</strong></span> <span class='ocrx_word' id='word_1_90' title='bbox 996 1243 1200 1320; x_wconf 79' lang='lat' dir='ltr'><strong>pariterpraa·</strong></span> 
     </span>
     <span class='ocr_line' id='line_1_12' title="bbox 209 1319 1201 1408; baseline 0.006 -18"><span class='ocrx_word' id='word_1_91' title='bbox 209 1331 288 1390; x_wconf 82' lang='lat' dir='ltr'><strong>ditur</strong></span> <span class='ocrx_word' id='word_1_92' title='bbox 312 1335 399 1407; x_wconf 88' lang='lat' dir='ltr'><strong>atque</strong></span> <span class='ocrx_word' id='word_1_93' title='bbox 418 1333 566 1407; x_wconf 76' lang='lat' dir='ltr'><strong>praeclaro</strong></span> <span class='ocrx_word' id='word_1_94' title='bbox 590 1335 663 1392; x_wconf 80' lang='lat' dir='ltr'><strong>reati</strong></span> <span class='ocrx_word' id='word_1_95' title='bbox 685 1333 856 1408; x_wconf 83' lang='lat' dir='ltr'><strong>puiohrique</strong></span> <span class='ocrx_word' id='word_1_96' title='bbox 880 1319 976 1392; x_wconf 74' lang='lat' dir='ltr'><strong>senam</strong></span> <span class='ocrx_word' id='word_1_97' title='bbox 1021 1335 1095 1395; x_wconf 83' lang='lat' dir='ltr'><strong>com</strong></span> <span class='ocrx_word' id='word_1_98' title='bbox 1111 1333 1201 1406; x_wconf 79' lang='lat' dir='ltr'><strong>igitur</strong></span> 
     </span>
     <span class='ocr_line' id='line_1_13' title="bbox 206 1422 1200 1501; baseline 0.002 -22"><span class='ocrx_word' id='word_1_99' title='bbox 206 1422 355 1482; x_wconf 82' lang='lat' dir='ltr'><strong>elueeutea</strong></span> <span class='ocrx_word' id='word_1_100' title='bbox 372 1424 405 1480; x_wconf 89' lang='lat' dir='ltr'><strong>in</strong></span> <span class='ocrx_word' id='word_1_101' title='bbox 422 1439 513 1498; x_wconf 87' lang='lat' dir='ltr'><strong>puero</strong></span> <span class='ocrx_word' id='word_1_102' title='bbox 530 1423 642 1495; x_wconf 76' lang='lat' dir='ltr'><strong>ingenii</strong></span> <span class='ocrx_word' id='word_1_103' title='bbox 661 1423 755 1501; x_wconf 83' lang='lat' dir='ltr'><strong>dotes,</strong></span> <span class='ocrx_word' id='word_1_104' title='bbox 774 1423 920 1498; x_wconf 77' lang='lat' dir='ltr'><strong>animique</strong></span> <span class='ocrx_word' id='word_1_105' title='bbox 943 1425 1073 1496; x_wconf 74' lang='lat' dir='ltr'><strong>vigorem</strong></span> <span class='ocrx_word' id='word_1_106' title='bbox 1089 1425 1122 1482; x_wconf 87' lang='lat' dir='ltr'><strong>et</strong></span> <span class='ocrx_word' id='word_1_107' title='bbox 1137 1423 1200 1496; x_wconf 76' lang='lat' dir='ltr'><strong>agi·</strong></span> 
     </span>
     <span class='ocr_line' id='line_1_14' title="bbox 206 1511 1239 1592; baseline -0.005 -20"><span class='ocrx_word' id='word_1_108' title='bbox 206 1515 319 1572; x_wconf 84' lang='lat' dir='ltr'><strong>litatem</strong></span> <span class='ocrx_word' id='word_1_109' title='bbox 340 1514 534 1591; x_wconf 83' lang='lat' dir='ltr'><strong>perspiceret,</strong></span> <span class='ocrx_word' id='word_1_110' title='bbox 564 1511 658 1572; x_wconf 85' lang='lat' dir='ltr'><strong>noluit</strong></span> <span class='ocrx_word' id='word_1_111' title='bbox 680 1513 781 1574; x_wconf 82' lang='lat' dir='ltr'><strong>lutiam</strong></span> <span class='ocrx_word' id='word_1_112' title='bbox 798 1515 992 1592; x_wconf 81' lang='lat' dir='ltr'><strong>Venusinam,</strong></span> <span class='ocrx_word' id='word_1_113' title='bbox 1017 1513 1065 1572; x_wconf 91' lang='lat' dir='ltr'><strong>eui</strong></span> <span class='ocrx_word' id='word_1_114' title='bbox 1081 1513 1200 1572; x_wconf 73' lang='lat' dir='ltr'><strong>libutus</strong></span> <span class='ocrx_word' id='word_1_115' title='bbox 1234 1559 1239 1566; x_wconf 89' lang='lat'>.</span> 
     </span>
    </p>
   </div>
   <div class='ocr_carea' id='block_1_6' title="bbox 206 1595 1306 1683">
    <p class='ocr_par' dir='ltr' id='par_1_6' title="bbox 206 1595 1306 1683">
     <span class='ocr_line' id='line_1_15' title="bbox 206 1595 1306 1683; baseline 0.002 -21"><span class='ocrx_word' id='word_1_116' title='bbox 206 1608 269 1662; x_wconf 89' lang='lat' dir='ltr'><strong>tum</strong></span> <span class='ocrx_word' id='word_1_117' title='bbox 286 1608 421 1680; x_wconf 75' lang='lat' dir='ltr'><strong>praeerat</strong></span> <span class='ocrx_word' id='word_1_118' title='bbox 437 1604 592 1682; x_wconf 75' lang='lat' dir='ltr'><strong>magister,</strong></span> <span class='ocrx_word' id='word_1_119' title='bbox 611 1603 649 1664; x_wconf 87' lang='lat' dir='ltr'><strong>ab</strong></span> <span class='ocrx_word' id='word_1_120' title='bbox 668 1606 800 1683; x_wconf 58' lang='lat' dir='ltr'><strong>‚inmuta</strong></span> <span class='ocrx_word' id='word_1_121' title='bbox 818 1621 878 1664; x_wconf 87' lang='lat' dir='ltr'><strong>uon</strong></span> <span class='ocrx_word' id='word_1_122' title='bbox 896 1605 960 1664; x_wconf 82' lang='lat' dir='ltr'><strong>alne</strong></span> <span class='ocrx_word' id='word_1_123' title='bbox 977 1603 1033 1664; x_wconf 83' lang='lat' dir='ltr'><strong>Dle</strong></span> <span class='ocrx_word' id='word_1_124' title='bbox 1051 1603 1200 1664; x_wconf 78' lang='lat' dir='ltr'><strong>anlmoao”</strong></span> <span class='ocrx_word' id='word_1_125' title='bbox 1303 1595 1306 1603; x_wconf 75' lang='grc'><em>’</em></span> 
     </span>
    </p>
   </div>
   <div class='ocr_carea' id='block_1_7' title="bbox 123 1694 1281 3774">
    <p class='ocr_par' dir='ltr' id='par_1_7' title="bbox 205 1694 796 1773">
     <span class='ocr_line' id='line_1_16' title="bbox 205 1694 796 1773; baseline 0 -19"><span class='ocrx_word' id='word_1_126' title='bbox 205 1697 392 1773; x_wconf 71' lang='lat' dir='ltr'><strong>nequanui,</strong></span> <span class='ocrx_word' id='word_1_127' title='bbox 411 1711 585 1772; x_wconf 81' lang='lat' dir='ltr'><strong>quamquam</strong></span> <span class='ocrx_word' id='word_1_128' title='bbox 602 1694 635 1754; x_wconf 84' lang='lat' dir='ltr'><strong>in</strong></span> <span class='ocrx_word' id='word_1_129' title='bbox 653 1711 720 1755; x_wconf 86' lang='lat' dir='ltr'><strong>oum</strong></span> <span class='ocrx_word' id='word_1_130' title='bbox 794 1763 796 1769; x_wconf 16' lang='lat' dir='ltr'><em>A</em></span> 
     </span>
    </p>

    <p class='ocr_par' dir='ltr' id='par_1_8' title="bbox 352 1787 984 1866">
     <span class='ocr_line' id='line_1_17' title="bbox 352 1787 984 1866; baseline 0.002 -22"><span class='ocrx_word' id='word_1_131' title='bbox 352 1817 391 1836; x_wconf 76' lang='lat'><em>-</em></span> <span class='ocrx_word' id='word_1_132' title='bbox 408 1788 493 1862; x_wconf 87' lang='lat' dir='ltr'><strong>pueri</strong></span> <span class='ocrx_word' id='word_1_133' title='bbox 510 1787 623 1859; x_wconf 78' lang='lat' dir='ltr'><strong>magnis</strong></span> <span class='ocrx_word' id='word_1_134' title='bbox 642 1803 660 1843; x_wconf 90' lang='lat' dir='ltr'><strong>e</strong></span> <span class='ocrx_word' id='word_1_135' title='bbox 678 1787 896 1847; x_wconf 74' lang='lat' dir='ltr'><strong>sentruonibus</strong></span> <span class='ocrx_word' id='word_1_136' title='bbox 913 1789 984 1866; x_wconf 79' lang='lat' dir='ltr'><strong>ortt,</strong></span> 
     </span>
    </p>

    <p class='ocr_par' dir='ltr' id='par_1_9' title="bbox 351 1875 1281 1951">
     <span class='ocr_line' id='line_1_18' title="bbox 351 1875 1281 1951; baseline 0.003 -16"><span class='ocrx_word' id='word_1_137' title='bbox 351 1878 451 1936; x_wconf 83' lang='lat' dir='ltr'><strong>Laevo</strong></span> <span class='ocrx_word' id='word_1_138' title='bbox 469 1876 605 1950; x_wconf 76' lang='lat' dir='ltr'><strong>suspensi</strong></span> <span class='ocrx_word' id='word_1_139' title='bbox 621 1875 733 1934; x_wconf 82' lang='lat' dir='ltr'><strong>loculos</strong></span> <span class='ocrx_word' id='word_1_140' title='bbox 750 1876 934 1951; x_wconf 76' lang='lat' dir='ltr'><strong>tabulamque</strong></span> <span class='ocrx_word' id='word_1_141' title='bbox 952 1879 1062 1938; x_wconf 75' lang='lat' dir='ltr'><strong>hoerle</strong></span> <span class='ocrx_word' id='word_1_142' title='bbox 1272 1905 1281 1914; x_wconf 89' lang='lat'>·</span> 
     </span>
    </p>

    <p class='ocr_par' dir='ltr' id='par_1_10' title="bbox 205 1961 1233 2130">
     <span class='ocr_line' id='line_1_19' title="bbox 353 1961 1233 2049; baseline -0.002 -25"><span class='ocrx_word' id='word_1_143' title='bbox 353 1967 439 2024; x_wconf 91' lang='lat' dir='ltr'><strong>Ibant</strong></span> <span class='ocrx_word' id='word_1_144' title='bbox 449 1965 562 2026; x_wconf 77' lang='lat' dir='ltr'><strong>noiomo</strong></span> <span class='ocrx_word' id='word_1_145' title='bbox 573 1966 734 2023; x_wconf 84' lang='lat' dir='ltr'><strong>relerentes</strong></span> <span class='ocrx_word' id='word_1_146' title='bbox 742 1965 843 2026; x_wconf 79' lang='lat' dir='ltr'><strong>Idibus</strong></span> <span class='ocrx_word' id='word_1_147' title='bbox 855 1981 940 2046; x_wconf 65' lang='lat' dir='ltr'><strong>terat</strong></span> <span class='ocrx_word' id='word_1_148' title='bbox 960 1963 1035 2049; x_wconf 85' lang='lat' dir='ltr'><strong>(sat</strong></span> <span class='ocrx_word' id='word_1_149' title='bbox 1056 1961 1199 2046; x_wconf 49' lang='lat' dir='ltr'><strong>halt)</strong></span> <span class='ocrx_word' id='word_1_150' title='bbox 1230 2013 1233 2022; x_wconf 79' lang='grc'>,</span> 
     </span>
     <span class='ocr_line' id='line_1_20' title="bbox 205 2056 487 2130; baseline -0.007 -14"><span class='ocrx_word' id='word_1_151' title='bbox 205 2057 258 2116; x_wconf 79' lang='lat' dir='ltr'><strong>aeui</strong></span> <span class='ocrx_word' id='word_1_152' title='bbox 275 2056 376 2118; x_wconf 86' lang='lat' dir='ltr'><strong>relioto</strong></span> <span class='ocrx_word' id='word_1_153' title='bbox 393 2057 487 2130; x_wconf 77' lang='lat' dir='ltr'><strong>agello</strong></span> 
     </span>
    </p>

    <p class='ocr_par' dir='ltr' id='par_1_11' title="bbox 351 2145 1199 2225">
     <span class='ocr_line' id='line_1_21' title="bbox 351 2145 1199 2225; baseline 0.001 -21"><span class='ocrx_word' id='word_1_154' title='bbox 351 2178 391 2192; x_wconf 90' lang='lat'>-</span> <span class='ocrx_word' id='word_1_155' title='bbox 407 2179 447 2194; x_wconf 89' lang='lat'><strong>--</strong></span> <span class='ocrx_word' id='word_1_156' title='bbox 463 2163 586 2222; x_wconf 90' lang='lat' dir='ltr'><strong>puerum</strong></span> <span class='ocrx_word' id='word_1_157' title='bbox 604 2151 651 2206; x_wconf 89' lang='lat' dir='ltr'><strong>est</strong></span> <span class='ocrx_word' id='word_1_158' title='bbox 668 2164 756 2208; x_wconf 88' lang='lat' dir='ltr'><strong>ausus</strong></span> <span class='ocrx_word' id='word_1_159' title='bbox 772 2148 894 2207; x_wconf 82' lang='lat' dir='ltr'><strong>Romam</strong></span> <span class='ocrx_word' id='word_1_160' title='bbox 907 2151 1023 2225; x_wconf 88' lang='lat' dir='ltr'><strong>portare</strong></span> <span class='ocrx_word' id='word_1_161' title='bbox 1037 2145 1199 2222; x_wconf 86' lang='lat' dir='ltr'><strong>doeendum</strong></span> 
     </span>
    </p>

    <p class='ocr_par' dir='ltr' id='par_1_12' title="bbox 350 2237 1127 2317">
     <span class='ocr_line' id='line_1_22' title="bbox 350 2237 1127 2317; baseline 0.003 -21"><span class='ocrx_word' id='word_1_162' title='bbox 350 2239 449 2317; x_wconf 86' lang='lat' dir='ltr'><strong>Artes,</strong></span> <span class='ocrx_word' id='word_1_163' title='bbox 468 2237 541 2314; x_wconf 70' lang='lat' dir='ltr'><strong>ilum¹</strong></span> <span class='ocrx_word' id='word_1_164' title='bbox 559 2240 664 2298; x_wconf 78' lang='lat' dir='ltr'><strong>doceat</strong></span> <span class='ocrx_word' id='word_1_165' title='bbox 679 2240 777 2315; x_wconf 86' lang='lat' dir='ltr'><strong>quivis</strong></span> <span class='ocrx_word' id='word_1_166' title='bbox 795 2255 885 2314; x_wconf 86' lang='lat' dir='ltr'><strong>eques</strong></span> <span class='ocrx_word' id='word_1_167' title='bbox 902 2243 991 2316; x_wconf 80' lang='lat' dir='ltr'><strong>atquo</strong></span> <span class='ocrx_word' id='word_1_168' title='bbox 1008 2241 1127 2298; x_wconf 80' lang='lat' dir='ltr'><strong>senator</strong></span> 
     </span>
    </p>

    <p class='ocr_par' dir='ltr' id='par_1_13' title="bbox 123 2331 1197 2593">
     <span class='ocr_line' id='line_1_23' title="bbox 351 2331 632 2406; baseline 0.004 -19"><span class='ocrx_word' id='word_1_169' title='bbox 351 2331 449 2388; x_wconf 84' lang='lat' dir='ltr'><strong>Sernet</strong></span> <span class='ocrx_word' id='word_1_170' title='bbox 466 2334 632 2406; x_wconf 77' lang='lat' dir='ltr'><strong>prognatos.</strong></span> 
     </span>
     <span class='ocr_line' id='line_1_24' title="bbox 123 2411 1197 2496; baseline 0 -18"><span class='ocrx_word' id='word_1_171' title='bbox 123 2411 129 2420; x_wconf 81' lang='grc'>’</span> <span class='ocrx_word' id='word_1_172' title='bbox 205 2421 283 2488; x_wconf 87' lang='lat' dir='ltr'><strong>Quin</strong></span> <span class='ocrx_word' id='word_1_173' title='bbox 300 2419 332 2476; x_wconf 88' lang='lat' dir='ltr'><strong>in</strong></span> <span class='ocrx_word' id='word_1_174' title='bbox 349 2423 432 2480; x_wconf 70' lang='lat' dir='ltr'><strong>unua</strong></span> <span class='ocrx_word' id='word_1_175' title='bbox 449 2421 629 2496; x_wconf 83' lang='lat' dir='ltr'><strong>supellectile</strong></span> <span class='ocrx_word' id='word_1_176' title='bbox 649 2421 759 2486; x_wconf 82' lang='lat' dir='ltr'><strong>Romae</strong></span> <span class='ocrx_word' id='word_1_177' title='bbox 785 2439 854 2482; x_wconf 87' lang='lat' dir='ltr'><strong>enm</strong></span> <span class='ocrx_word' id='word_1_178' title='bbox 877 2421 951 2492; x_wconf 83' lang='lat' dir='ltr'><strong>adeo</strong></span> <span class='ocrx_word' id='word_1_179' title='bbox 968 2417 1128 2484; x_wconf 73' lang='lat' dir='ltr'><strong>liberaliter</strong></span> <span class='ocrx_word' id='word_1_180' title='bbox 1144 2417 1197 2480; x_wconf 84' lang='lat' dir='ltr'><strong>ho·</strong></span> 
     </span>
     <span class='ocr_line' id='line_1_25' title="bbox 204 2507 907 2593; baseline 0.006 -29"><span class='ocrx_word' id='word_1_181' title='bbox 204 2512 344 2584; x_wconf 86' lang='lat' dir='ltr'><strong>nosteque</strong></span> <span class='ocrx_word' id='word_1_182' title='bbox 361 2511 461 2567; x_wconf 78' lang='lat' dir='ltr'><strong>viuere</strong></span> <span class='ocrx_word' id='word_1_183' title='bbox 476 2511 581 2588; x_wconf 76' lang='lat' dir='ltr'><strong>jussit,</strong></span> <span class='ocrx_word' id='word_1_184' title='bbox 599 2515 634 2569; x_wconf 90' lang='lat' dir='ltr'><strong>ut</strong></span> <span class='ocrx_word' id='word_1_185' title='bbox 651 2507 727 2592; x_wconf 80' lang='lat' dir='ltr'><strong>(Sat</strong></span> <span class='ocrx_word' id='word_1_186' title='bbox 748 2513 776 2591; x_wconf 92' lang='lat'><strong>1,</strong></span> <span class='ocrx_word' id='word_1_187' title='bbox 795 2513 823 2570; x_wconf 82' lang='grc'><strong>6.</strong></span> <span class='ocrx_word' id='word_1_188' title='bbox 841 2507 907 2593; x_wconf 89' lang='lat' dir='ltr'><strong>8&#39;l.)</strong></span> 
     </span>
    </p>

    <p class='ocr_par' dir='ltr' id='par_1_14' title="bbox 350 2601 962 2682">
     <span class='ocr_line' id='line_1_26' title="bbox 350 2601 962 2682; baseline 0.01 -29"><span class='ocrx_word' id='word_1_189' title='bbox 350 2628 390 2644; x_wconf 88' lang='lat'>-</span> <span class='ocrx_word' id='word_1_190' title='bbox 407 2629 446 2644; x_wconf 91' lang='lat'>-</span> <span class='ocrx_word' id='word_1_191' title='bbox 462 2601 575 2656; x_wconf 82' lang='lat' dir='ltr'><strong>vestem</strong></span> <span class='ocrx_word' id='word_1_192' title='bbox 593 2614 751 2673; x_wconf 84' lang='lat' dir='ltr'><strong>seruosque</strong></span> <span class='ocrx_word' id='word_1_193' title='bbox 769 2604 925 2676; x_wconf 80' lang='lat' dir='ltr'><strong>sequentes</strong></span> <span class='ocrx_word' id='word_1_194' title='bbox 958 2669 962 2682; x_wconf 24' lang='lat' dir='ltr'>x</span> 
     </span>
    </p>

    <p class='ocr_par' dir='ltr' id='par_1_15' title="bbox 350 2689 1049 2776">
     <span class='ocr_line' id='line_1_27' title="bbox 350 2689 1049 2776; baseline 0.007 -28"><span class='ocrx_word' id='word_1_195' title='bbox 350 2689 387 2748; x_wconf 88' lang='lat' dir='ltr'><strong>lu</strong></span> <span class='ocrx_word' id='word_1_196' title='bbox 405 2704 509 2761; x_wconf 78' lang='lat' dir='ltr'><strong>magno</strong></span> <span class='ocrx_word' id='word_1_197' title='bbox 527 2691 562 2746; x_wconf 85' lang='grc' dir='ltr'><strong>ιιι</strong></span> <span class='ocrx_word' id='word_1_198' title='bbox 577 2689 686 2766; x_wconf 87' lang='lat' dir='ltr'><strong>populo</strong></span> <span class='ocrx_word' id='word_1_199' title='bbox 705 2690 731 2748; x_wconf 84' lang='lat' dir='ltr'><strong>ei</strong></span> <span class='ocrx_word' id='word_1_200' title='bbox 750 2691 801 2767; x_wconf 90' lang='lat' dir='ltr'><strong>qui</strong></span> <span class='ocrx_word' id='word_1_201' title='bbox 819 2689 951 2776; x_wconf 72' lang='lat' dir='ltr'><strong>vitiaret,</strong></span> <span class='ocrx_word' id='word_1_202' title='bbox 970 2693 1049 2752; x_wconf 84' lang='lat' dir='ltr'><strong>avita</strong></span> 
     </span>
    </p>

    <p class='ocr_par' dir='ltr' id='par_1_16' title="bbox 203 2779 1195 3316">
     <span class='ocr_line' id='line_1_28' title="bbox 350 2779 1102 2858; baseline 0.001 -18"><span class='ocrx_word' id='word_1_203' title='bbox 350 2781 397 2840; x_wconf 82' lang='lat' dir='ltr'><strong>Ex</strong></span> <span class='ocrx_word' id='word_1_204' title='bbox 415 2798 448 2839; x_wconf 90' lang='lat' dir='ltr'><strong>re</strong></span> <span class='ocrx_word' id='word_1_205' title='bbox 466 2779 601 2854; x_wconf 83' lang='lat' dir='ltr'><strong>praeberi</strong></span> <span class='ocrx_word' id='word_1_206' title='bbox 616 2783 749 2858; x_wconf 77' lang='lat' dir='ltr'><strong>sumptus</strong></span> <span class='ocrx_word' id='word_1_207' title='bbox 766 2812 806 2828; x_wconf 88' lang='lat'><strong>·-</strong></span> <span class='ocrx_word' id='word_1_208' title='bbox 821 2813 861 2828; x_wconf 92' lang='lat'><em>-</em></span> <span class='ocrx_word' id='word_1_209' title='bbox 878 2781 1011 2844; x_wconf 85' lang='lat' dir='ltr'><strong>erederet</strong></span> <span class='ocrx_word' id='word_1_210' title='bbox 1027 2781 1102 2842; x_wconf 81' lang='lat' dir='ltr'><strong>ines.</strong></span> 
     </span>
     <span class='ocr_line' id='line_1_29' title="bbox 204 2873 1195 2950; baseline 0 -18"><span class='ocrx_word' id='word_1_211' title='bbox 204 2874 287 2943; x_wconf 86' lang='lat' dir='ltr'><strong>Quae</strong></span> <span class='ocrx_word' id='word_1_212' title='bbox 311 2873 409 2930; x_wconf 87' lang='lat' dir='ltr'><strong>omnia</strong></span> <span class='ocrx_word' id='word_1_213' title='bbox 431 2889 487 2930; x_wconf 80' lang='lat' dir='ltr'><strong>uec</strong></span> <span class='ocrx_word' id='word_1_214' title='bbox 511 2873 654 2931; x_wconf 77' lang='lat' dir='ltr'><strong>commodi</strong></span> <span class='ocrx_word' id='word_1_215' title='bbox 677 2890 780 2932; x_wconf 67' lang='lat' dir='ltr'><strong>cauma</strong></span> <span class='ocrx_word' id='word_1_216' title='bbox 796 2889 852 2934; x_wconf 84' lang='lat' dir='ltr'><strong>nee</strong></span> <span class='ocrx_word' id='word_1_217' title='bbox 876 2876 1005 2934; x_wconf 71' lang='lat' dir='ltr'><strong>multato</strong></span> <span class='ocrx_word' id='word_1_218' title='bbox 1022 2873 1148 2950; x_wconf 84' lang='lat' dir='ltr'><strong>quadam</strong></span> <span class='ocrx_word' id='word_1_219' title='bbox 1164 2877 1195 2932; x_wconf 87' lang='lat' dir='ltr'><strong>et</strong></span> 
     </span>
     <span class='ocr_line' id='line_1_30' title="bbox 204 2963 1194 3046; baseline -0.003 -21"><span class='ocrx_word' id='word_1_220' title='bbox 204 2966 285 3025; x_wconf 88' lang='lat' dir='ltr'><strong>inani</strong></span> <span class='ocrx_word' id='word_1_221' title='bbox 303 2963 440 3039; x_wconf 74' lang='lat' dir='ltr'><strong>gloriolae</strong></span> <span class='ocrx_word' id='word_1_222' title='bbox 459 2963 584 3038; x_wconf 82' lang='lat' dir='ltr'><strong>aucupto</strong></span> <span class='ocrx_word' id='word_1_223' title='bbox 601 2963 704 3025; x_wconf 74' lang='grc' dir='ltr'>ιιιιιιιιε</span> <span class='ocrx_word' id='word_1_224' title='bbox 722 2966 808 3044; x_wconf 83' lang='lat' dir='ltr'><strong>iecit,</strong></span> <span class='ocrx_word' id='word_1_225' title='bbox 835 2965 979 3046; x_wconf 82' lang='lat' dir='ltr'><strong>siquidem</strong></span> <span class='ocrx_word' id='word_1_226' title='bbox 1002 2980 1058 3026; x_wconf 86' lang='lat' dir='ltr'><strong>neo</strong></span> <span class='ocrx_word' id='word_1_227' title='bbox 1082 2965 1116 3024; x_wconf 90' lang='grc' dir='ltr'><strong>ιιι</strong></span> <span class='ocrx_word' id='word_1_228' title='bbox 1132 2963 1194 3023; x_wconf 84' lang='lat' dir='ltr'><strong>iau·</strong></span> 
     </span>
     <span class='ocr_line' id='line_1_31' title="bbox 204 3051 1193 3132; baseline -0.004 -17"><span class='ocrx_word' id='word_1_229' title='bbox 204 3058 308 3115; x_wconf 88' lang='lat' dir='ltr'><strong>tiorem</strong></span> <span class='ocrx_word' id='word_1_230' title='bbox 325 3055 480 3131; x_wconf 85' lang='lat' dir='ltr'><strong>aliquando</strong></span> <span class='ocrx_word' id='word_1_231' title='bbox 498 3055 557 3114; x_wconf 87' lang='lat' dir='ltr'><strong>sibi</strong></span> <span class='ocrx_word' id='word_1_232' title='bbox 573 3055 648 3118; x_wconf 80' lang='lat' dir='ltr'><strong>filine</strong></span> <span class='ocrx_word' id='word_1_233' title='bbox 665 3073 729 3117; x_wconf 86' lang='lat' dir='ltr'><strong>rem</strong></span> <span class='ocrx_word' id='word_1_234' title='bbox 745 3059 879 3132; x_wconf 88' lang='lat' dir='ltr'><strong>pararet,</strong></span> <span class='ocrx_word' id='word_1_235' title='bbox 904 3071 960 3114; x_wconf 86' lang='lat' dir='ltr'><strong>nee</strong></span> <span class='ocrx_word' id='word_1_236' title='bbox 977 3056 1012 3114; x_wconf 89' lang='lat' dir='ltr'><strong>ut</strong></span> <span class='ocrx_word' id='word_1_237' title='bbox 1029 3051 1091 3126; x_wconf 82' lang='lat' dir='ltr'><strong>ejus</strong></span> <span class='ocrx_word' id='word_1_238' title='bbox 1109 3053 1193 3112; x_wconf 85' lang='lat' dir='ltr'><strong>uobi-</strong></span> 
     </span>
     <span class='ocr_line' id='line_1_32' title="bbox 203 3143 1194 3224; baseline -0.003 -17"><span class='ocrx_word' id='word_1_239' title='bbox 203 3147 285 3207; x_wconf 86' lang='lat' dir='ltr'><strong>litate</strong></span> <span class='ocrx_word' id='word_1_240' title='bbox 304 3146 458 3222; x_wconf 86' lang='lat' dir='ltr'><strong>aliquando</strong></span> <span class='ocrx_word' id='word_1_241' title='bbox 482 3147 547 3221; x_wconf 88' lang='lat' dir='ltr'><strong>ipse</strong></span> <span class='ocrx_word' id='word_1_242' title='bbox 569 3145 685 3205; x_wconf 88' lang='lat' dir='ltr'><strong>laudem</strong></span> <span class='ocrx_word' id='word_1_243' title='bbox 702 3148 837 3224; x_wconf 82' lang='lat' dir='ltr'><strong>caperet,</strong></span> <span class='ocrx_word' id='word_1_244' title='bbox 860 3147 943 3203; x_wconf 72' lang='lat' dir='ltr'><strong>unta</strong></span> <span class='ocrx_word' id='word_1_245' title='bbox 960 3159 1026 3203; x_wconf 87' lang='lat' dir='ltr'><strong>eum</strong></span> <span class='ocrx_word' id='word_1_246' title='bbox 1044 3143 1194 3217; x_wconf 81' lang='lat' dir='ltr'><strong>diligentia</strong></span> 
     </span>
     <span class='ocr_line' id='line_1_33' title="bbox 203 3235 1157 3316; baseline -0.002 -20"><span class='ocrx_word' id='word_1_247' title='bbox 203 3236 394 3297; x_wconf 85' lang='lat' dir='ltr'><strong>erudiendum</strong></span> <span class='ocrx_word' id='word_1_248' title='bbox 410 3237 541 3316; x_wconf 82' lang='lat' dir='ltr'><strong>curabat,</strong></span> <span class='ocrx_word' id='word_1_249' title='bbox 559 3239 591 3298; x_wconf 85' lang='lat' dir='ltr'><strong>et</strong></span> <span class='ocrx_word' id='word_1_250' title='bbox 608 3253 679 3295; x_wconf 83' lang='lat' dir='ltr'><strong>uero</strong></span> <span class='ocrx_word' id='word_1_251' title='bbox 697 3237 787 3294; x_wconf 88' lang='lat' dir='ltr'><strong>eiiam</strong></span> <span class='ocrx_word' id='word_1_252' title='bbox 803 3235 934 3314; x_wconf 83' lang='lat' dir='ltr'><strong>optabat,</strong></span> <span class='ocrx_word' id='word_1_253' title='bbox 951 3235 1157 3312; x_wconf 84' lang='lat' dir='ltr'><strong>utaliquando</strong></span> 
     </span>
    </p>

    <p class='ocr_par' dir='ltr' id='par_1_17' title="bbox 156 3327 1192 3774">
     <span class='ocr_line' id='line_1_34' title="bbox 349 3327 1132 3408; baseline 0 -22"><span class='ocrx_word' id='word_1_254' title='bbox 349 3355 390 3375; x_wconf 69' lang='grc' dir='ltr'><strong>-ι</strong></span> <span class='ocrx_word' id='word_1_255' title='bbox 406 3360 445 3374; x_wconf 95' lang='grc'>-</span> <span class='ocrx_word' id='word_1_256' title='bbox 462 3344 568 3404; x_wconf 86' lang='lat' dir='ltr'><strong>praeeo</strong></span> <span class='ocrx_word' id='word_1_257' title='bbox 584 3343 701 3408; x_wconf 83' lang='lat' dir='ltr'><strong>parvas,</strong></span> <span class='ocrx_word' id='word_1_258' title='bbox 720 3330 781 3405; x_wconf 85' lang='lat' dir='ltr'><strong>aut,</strong></span> <span class='ocrx_word' id='word_1_259' title='bbox 799 3330 833 3388; x_wconf 91' lang='lat' dir='ltr'><strong>ui</strong></span> <span class='ocrx_word' id='word_1_260' title='bbox 850 3327 906 3387; x_wconf 83' lang='lat' dir='ltr'><strong>luit</strong></span> <span class='ocrx_word' id='word_1_261' title='bbox 922 3327 998 3406; x_wconf 86' lang='lat' dir='ltr'><strong>ipse,</strong></span> <span class='ocrx_word' id='word_1_262' title='bbox 1016 3329 1132 3386; x_wconf 87' lang='lat' dir='ltr'><strong>ooaetor</strong></span> 
     </span>
     <span class='ocr_line' id='line_1_35' title="bbox 203 3415 1192 3496; baseline -0.007 -15"><span class='ocrx_word' id='word_1_263' title='bbox 203 3419 352 3482; x_wconf 82' lang='lat' dir='ltr'><strong>mercedes</strong></span> <span class='ocrx_word' id='word_1_264' title='bbox 377 3422 554 3496; x_wconf 81' lang='lat' dir='ltr'><strong>sequeretur.</strong></span> <span class='ocrx_word' id='word_1_265' title='bbox 597 3419 674 3484; x_wconf 82' lang='lat' dir='ltr'><strong>ilino</strong></span> <span class='ocrx_word' id='word_1_266' title='bbox 698 3421 815 3494; x_wconf 86' lang='lat' dir='ltr'><strong>praeter</strong></span> <span class='ocrx_word' id='word_1_267' title='bbox 838 3434 953 3478; x_wconf 87' lang='lat' dir='ltr'><strong>omnem</strong></span> <span class='ocrx_word' id='word_1_268' title='bbox 978 3417 1137 3477; x_wconf 70' lang='lat' dir='ltr'><strong>docuinam</strong></span> <span class='ocrx_word' id='word_1_269' title='bbox 1159 3415 1192 3476; x_wconf 85' lang='lat' dir='ltr'><strong>id</strong></span> 
     </span>
     <span class='ocr_line' id='line_1_36' title="bbox 204 3506 1191 3588; baseline -0.005 -18"><span class='ocrx_word' id='word_1_270' title='bbox 204 3528 319 3588; x_wconf 89' lang='lat' dir='ltr'><strong>semper</strong></span> <span class='ocrx_word' id='word_1_271' title='bbox 337 3527 478 3570; x_wconf 88' lang='lat' dir='ltr'><strong>summum</strong></span> <span class='ocrx_word' id='word_1_272' title='bbox 496 3510 630 3586; x_wconf 85' lang='lat' dir='ltr'><strong>putabat,</strong></span> <span class='ocrx_word' id='word_1_273' title='bbox 653 3513 688 3569; x_wconf 90' lang='grc' dir='ltr'><strong>ιιι</strong></span> <span class='ocrx_word' id='word_1_274' title='bbox 704 3510 789 3569; x_wconf 84' lang='lat' dir='ltr'><strong>bonis</strong></span> <span class='ocrx_word' id='word_1_275' title='bbox 806 3509 962 3586; x_wconf 80' lang='lat' dir='ltr'><strong>probisque</strong></span> <span class='ocrx_word' id='word_1_276' title='bbox 986 3507 1114 3567; x_wconf 85' lang='lat' dir='ltr'><strong>moribus</strong></span> <span class='ocrx_word' id='word_1_277' title='bbox 1138 3506 1191 3565; x_wconf 89' lang='lat' dir='ltr'><strong>im·</strong></span> 
     </span>
     <span class='ocr_line' id='line_1_37' title="bbox 156 3595 1192 3682; baseline -0.008 -20"><span class='ocrx_word' id='word_1_278' title='bbox 156 3671 159 3682; x_wconf 32' lang='grc' dir='ltr'>Ι</span> <span class='ocrx_word' id='word_1_279' title='bbox 203 3604 340 3664; x_wconf 83' lang='lat' dir='ltr'><strong>haeretur</strong></span> <span class='ocrx_word' id='word_1_280' title='bbox 357 3603 441 3679; x_wconf 89' lang='lat' dir='ltr'><strong>pueri</strong></span> <span class='ocrx_word' id='word_1_281' title='bbox 459 3601 595 3662; x_wconf 57' lang='lat' dir='ltr'><strong>animus..</strong></span> <span class='ocrx_word' id='word_1_282' title='bbox 617 3601 662 3660; x_wconf 87' lang='lat' dir='ltr'><strong>Ne</strong></span> <span class='ocrx_word' id='word_1_283' title='bbox 681 3602 770 3674; x_wconf 77' lang='lat' dir='ltr'><strong>igitm</strong></span> <span class='ocrx_word' id='word_1_284' title='bbox 787 3599 929 3661; x_wconf 80' lang='lat' dir='ltr'><strong>illecebris</strong></span> <span class='ocrx_word' id='word_1_285' title='bbox 947 3598 1066 3658; x_wconf 83' lang='lat' dir='ltr'><strong>urbanis</strong></span> <span class='ocrx_word' id='word_1_286' title='bbox 1082 3595 1192 3656; x_wconf 77' lang='lat' dir='ltr'><strong>mstioa</strong></span> 
     </span>
     <span class='ocr_line' id='line_1_38' title="bbox 203 3685 1190 3774; baseline -0.002 -20"><span class='ocrx_word' id='word_1_287' title='bbox 203 3709 315 3758; x_wconf 84' lang='lat' dir='ltr'><strong>morum</strong></span> <span class='ocrx_word' id='word_1_288' title='bbox 327 3693 497 3774; x_wconf 75' lang='lat' dir='ltr'><strong>simplicitas</strong></span> <span class='ocrx_word' id='word_1_289' title='bbox 511 3695 752 3774; x_wconf 82' lang='lat' dir='ltr'><strong>corrumperetur,</strong></span> <span class='ocrx_word' id='word_1_290' title='bbox 765 3708 823 3756; x_wconf 81' lang='lat' dir='ltr'><strong>neu</strong></span> <span class='ocrx_word' id='word_1_291' title='bbox 836 3691 939 3756; x_wconf 81' lang='lat' dir='ltr'><strong>insitor</strong></span> <span class='ocrx_word' id='word_1_292' title='bbox 950 3687 1104 3773; x_wconf 78' lang='lat' dir='ltr'><strong>probitati·</strong></span> <span class='ocrx_word' id='word_1_293' title='bbox 1115 3685 1190 3766; x_wconf 63' lang='lat' dir='ltr'><strong>iguis</strong></span> 
     </span>
    </p>
   </div>
   <div class='ocr_carea' id='block_1_8' title="bbox 0 0 1400 4576">
    <p class='ocr_par' dir='ltr' id='par_1_18' title="bbox 0 0 1400 4576">
     <span class='ocr_line' id='line_1_39' title="bbox 0 0 1400 4576; baseline 0 1"><span class='ocrx_word' id='word_1_294' title='bbox 0 0 1400 4576; x_wconf 95' lang='lat' dir='ltr'><strong> </strong></span> 
     </span>
    </p>
   </div>
  </div>
 </body>
</html>
