2776 4582
573 309 616 334 Ἀ
653 275 787 350 ¹³5-
859 221 893 298 j.

188 446 257 522 init,
278 445 327 520 qui
346 439 462 528 luerunt
481 445 512 502 O.
534 445 668 504 Caesaris
687 447 901 523 mturcctues,
921 447 974 504 sub
994 447 1098 523 quibus
1118 447 1177 506 lio·
1263 477 1265 482 ·

188 531 278 596 radus
297 536 459 596 militavit.”
709 555 718 568 ·

163 699 191 802 ι’
263 697 433 775 ’1201)ῦῦ
457 717 569 775 xvu.
600 721 764 797 ,jamjam
789 719 927 794 efficaci>
951 724 1019 797 post
1044 722 1129 797 epod.
1149 719 1175 780 5.

188 812 220 865 ct
238 809 296 866 Sat.
318 810 351 887 1,
370 810 397 869 8.
418 809 568 867 evidenter
586 813 762 886 compositus
781 807 834 895 (ci.
852 829 926 888 quae
938 813 1000 870 dixi
1012 812 1049 880 de
1062 829 1108 888 ep.
1121 806 1179 892 5.),

188 898 317 956 omnium
335 899 493 975 epodorum
511 887 685 959 novissimus
704 903 776 961 mihi
795 905 1001 961 videturesse.
1039 903 1177 962 Horatius

188 991 266 1046 enim
290 990 419 1047 libellum
443 990 628 1062 evulgatums
654 993 765 1051 ironica
789 994 843 1051 hac
868 993 1027 1069 palinodia
1041 995 1103 1050 sive
1128 993 1178 1050 dc·
1297 1047 1299 1056 ,

187 1081 356 1153 precatione
381 1081 520 1139 emollivit
543 1081 754 1155 quodammodo
779 1087 810 1141 et
833 1084 865 1142 in
888 1085 983 1142 lusum
1004 1084 1094 1141 vertit
1111 1099 1179 1141 con·
1286 1155 1289 1166 ‚

188 1171 341 1229 tumeliosa
365 1175 396 1228 et
420 1172 525 1230 acerba
547 1173 597 1230 illa
614 1175 759 1252 carmina,
785 1191 859 1250 quae
878 1174 1079 1233 Archilochica
1096 1174 1178 1234 rabie

188 1262 219 1319 in
237 1263 378 1321 misellam
398 1260 549 1322 Canidiam
566 1259 697 1342 mdeiai3
715 1273 774 1339 ¹quo
792 1266 900 1322 tertius
918 1281 978 1323 non
997 1267 1090 1324 solum
1108 1264 1179 1322 insi·

188 1352 287 1410 diosac
318 1354 537 1426 malevolentiae
568 1355 693 1432 crimen,
732 1345 908 1411 sedetiam
938 1357 996 1414 iras
1030 1355 1179 1413 hominum

187 1446 274 1518 atque
305 1437 374 1500 odia
402 1441 552 1510 devitaret.
608 1439 752 1511 'Quocirca
780 1441 835 1501 hoc
863 1461 979 1502 carmen
1002 1447 1065 1516 jam
1092 1461 1179 1519 supra

126 1579 128 1586 .
189 1534 347 1605 significavi
375 1551 401 1592 a.
431 1534 547 1593 circiter
578 1534 642 1592 724.
678 1537 818 1610 scriptum
854 1536 1013 1610 eodemque
1048 1539 1178 1609 tempore

196 1641 261 1682 cum
285 1626 408 1684 cacteris
434 1628 511 1684 i'oras
537 1625 637 1685 datum
661 1643 735 1684 esse.
774 1625 871 1684 Facile
896 1628 994 1684 tamen
1012 1627 1116 1700 aliquis
1135 1641 1181 1686 vs..

188 1716 342 1777 21-24η
586 1715 599 1727 ’“
798 1765 801 1772 .
925 1747 931 1754 .

338 1801 446 1885 „Fugit
460 1809 596 1880 juventas
617 1811 647 1864 et
665 1807 846 1866 reuocandas
865 1810 945 1867 color

335 1893 465 1970 Reliquit
483 1907 550 1956 osse
568 1897 644 1972 pello
664 1897 771 1954 amicte
789 1887 899 1974 lunda,

338 1989 412 2045 nco
429 1991 559 2062 condus
579 1979 667 2046 obus
685 1993 735 2047 ccc·
748 1977 906 2064 mortius,

335 2077 453 2136 Nullum
471 2095 491 2136 a
507 2079 606 2137 labore
624 2095 671 2136 me
690 2079 811 2137 reclinat
829 2078 955 2155 otium,”

188 2179 225 2226 ao
251 2182 284 2226 so
311 2178 415 2244 passus
443 2165 532 2226 fuerit
560 2167 682 2247 adduci,
712 2172 745 2226 iit
773 2170 899 2244 epodum
927 2164 997 2226 udis
1021 2180 1088 2226 stimi
1115 2167 1178 2225 729.

189 2253 276 2318 scribi
302 2260 433 2335 potuisse
461 2263 568 2344 neget,
602 2263 637 2317 ut
670 2272 729 2336 quo
762 2263 867 2336 poetas
901 2259 999 2333 capilii
1026 2265 1179 2316 meinero

188 2352 337 2424 coeperint
359 2346 419 2432 (cf.
439 2349 505 2426 ρᾶς.
525 2347 605 2433 on).
643 2347 744 2426 ltaque
768 2360 815 2410 ica
841 2353 872 2408 in
897 2361 999 2410 caussa
1023 2343 1113 2407 fuisso
1131 2348 1180 2406 ‹oi-

189 2442 288 2516 ccur‚
314 2445 348 2498 uc
365 2440 477 2498 werce.
491 2430 532 2515 ’μ
556 2443 610 2498 rei.
637 2456 666 2519 p.
686 2444 751 2500 454.
771 2445 830 2499 uot.
851 2442 897 2500 42.
935 2437 1181 2512 sponsiones·

188 2543 255 2586 nem
280 2531 312 2586 in
336 2541 402 2587 erm.
422 2529 486 2586 729.
513 2531 665 2587 comensi
703 2531 761 2588 sod
785 2529 879 2588 habeo
903 2542 961 2604 quo
986 2529 1181 2588 commendem

188 2632 283 2678 msam
311 2620 496 2678 sententiam.
546 2620 676 2678 Primum
703 2621 845 2678 incertum
872 2623 935 2698 ost,
970 2622 1067 2678 utrum
1094 2620 1181 2694 poeta

188 2723 290 2770 musra
309 2725 341 2769 se
360 2713 456 2768 aelate
474 2710 685 2786 provectiorem
704 2703 864 2783 'significata
877 2711 1009 2787 voluerii,
1029 2723 1067 2768 an
1084 2705 1181 2784 lepide
1218 2761 1219 2768 ,

189 2802 305 2860 inserit
324 2801 493 2876 juvenilem,
508 2802 638 2873 vigorem
662 2805 694 2860 et
717 2803 853 2860 ruborem
873 2802 1011 2860 canidiae
1035 2802 1100 2857 arto
1122 2809 1181 2856 ma*

190 2891 256 2966 gina
281 2896 311 2950 et
328 2887 575 2950 incantationibus
594 2894 714 2966 fugisse.
750 2893 866 2952 Deinde
887 2901 952 2950 cum
970 2891 1049 2948 uuile
1068 2887 1181 2965 epodon

189 2985 290 3055 ecloga
318 2986 385 3057 posi
411 2995 479 3042 aim
511 2985 575 3042 724.
608 2984 716 3059 scripta
744 2985 798 3060 sit,
828 2975 1019 3057 improbabile
1044 2983 1090 3037 cst
1112 2989 1181 3061 epo*

191 3077 260 3135 dum
286 3074 330 3133 17.
357 3075 450 3152 solum
473 3086 578 3148 magno
602 3076 741 3150 temporis
766 3068 862 3148 spatio
886 3087 905 3130 a
935 3064 1056 3147 reliquis
1086 3071 1181 3142 sajum
1284 3107 1286 3111 ,

119 3231 124 3238 ,
190 3169 270 3224 ctum
301 3168 332 3223 et
356 3168 450 3223 totum
479 3167 586 3225 librum
619 3166 705 3224 brevi
733 3166 801 3222 anta·
830 3163 989 3222 carminum
1025 3161 1181 3220 editionem

192 3251 371 3328 divulgatum
398 3273 473 3317 esse.
519 3251 654 3332 Denique
688 3249 858 3314 incredibile
887 3257 932 3311 esi
961 3248 1113 3312 Horatium
1143 3249 1189 3309 ad'

192 3361 259 3406 aim.
288 3358 380 3422 usquo
408 3347 473 3405 729.
502 3343 536 3417 h„
553 3365 580 3406 e.
609 3362 664 3424 per
691 3345 856 3422 quindecim
883 3347 945 3402 fere
974 3353 1066 3402 annos
1085 3341 1182 3402 ‘Oani-

193 3440 260 3498 diae
279 3439 442 3496 insultasse.
480 3440 525 3496 Eo
550 3443 680 3514 tempore
706 3437 856 3512 pridema
880 3435 1093 3494 contumeliosis
1107 3433 1181 3504 jam·

194 3531 241 3590 bis
265 3521 428 3590 scribendis
458 3529 658 3588 abstinuerat·
692 3525 813 3587 Canidia
836 3529 958 3584 fortasse
979 3527 1041 3599 jum
1070 3517 1181 3611 dectior*

194 3624 246 3679 toa
273 3625 344 3680 erat
384 3621 558 3698 cesterna,
590 3632 648 3698 qua
675 3631 740 3677 cam
763 3616 887 3690 juvenili
915 3611 1017 3674 erdere
1044 3614 1181 3688 abreptos

196 3711 389 3788 prosciderat,
430 3709 539 3770 dudum
579 3711 693 3768 videtur
733 3707 928 3782 deferbuisse,
966 3704 1119 3779 siquidem
1143 3712 1182 3772 ne

198 3801 412 3865 inimicitiarum
443 3801 560 3877 quidem
596 3802 685 3858 ullum
720 3795 873 3872 vestigium
914 3797 989 3852 ultra
1020 3803 1095 3868 ann¹
1117 3789 1180 3851 iai.
