2776 4582
606 263 741 360 ..ιω
771 321 812 337 ..

328 495 330 499 -
412 483 450 500 ·-
467 480 505 501 ⁶-
523 455 632 514 laudas
648 455 778 516 Brutum
794 452 960 530 laudunis
978 457 1141 528 cobortemr

358 549 460 610 Solen
477 544 569 604 Anae
585 545 716 608 Brntrms
735 549 875 624 appellat,
891 549 1053 624 stellasque
1065 549 1196 608 nuntiis

331 638 501 714 Appellat
517 640 645 715 onmes,
664 645 788 712 eccepto
805 640 886 714 dispe
902 669 942 682 -
1083 657 1085 660 ·

214 729 424 804 mm.ffim.

288 897 289 900 Ἴ
410 849 451 866 --
466 850 506 864 -
522 821 583 882 Par
599 833 735 896 namnet,
753 819 870 900 Bmte,
875 820 957 879 Dens
973 825 1002 880 ta

362 910 439 989 Oro,
457 915 510 988 qui
527 927 613 988 repes
630 911 785 969 annuens
802 914 919 989 toliere,
938 926 993 970 our
1011 927 1074 971 nnn
1173 971 1177 987 ,

362 1001 454 1060 Hunc
470 1017 572 1077 repens
593 991 744 1076 lupulus?
771 1017 896 1076 operum
913 1003 986 1080 boc,
1013 1002 1085 1061 nabi
1102 1005 1197 1080 mede,

663 1099 784 1163 tuorum
803 1099 854 1152 ert.

196 1181 336 1255 ,FrIgidu
352 1185 450 1254 autem
467 1183 540 1240 hacc
557 1182 647 1242 animi
671 1183 803 1259 affectio,
832 1199 889 1257 qua
911 1197 971 1239 non
996 1184 1090 1242 solum
1114 1182 1200 1253 siccis

216 1273 307 1332 oculis
326 1272 454 1332 defuncti
472 1274 556 1330 Bruti
573 1274 719 1351 meminit,
746 1275 798 1332 sed
823 1274 911 1330 etism
935 1289 1000 1349 epm
1022 1274 1083 1330 levi
1105 1288 1199 1347 paene

215 1366 381 1437 contomptu
398 1363 595 1422 laudationem
613 1365 675 1436 ejus
695 1368 725 1422 et
742 1365 911 1440 primarium
928 1363 1039 1421 facinus
1058 1363 1090 1420 in
1108 1362 1200 1420 risum

214 1454 318 1530 vertit,
342 1457 474 1528 proiecto
490 1456 587 1514 aliena
604 1452 659 1512 fuit
677 1455 714 1512 ab
733 1455 852 1512 Horatio
871 1455 954 1513 brevi
978 1459 1108 1527 tempore
1132 1451 1200 1531 post

140 1593 142 1600 .
214 1543 325 1604 cladem
341 1545 570 1620 Philippensem,
595 1559 652 1616 quo
672 1544 761 1600 satIra
784 1547 848 1600 orta
867 1561 932 1604 esse
949 1546 1076 1619 putatur.
1094 1575 1134 1588 -
1151 1541 1200 1602 Fi·

215 1635 269 1694 dns
289 1623 366 1700 er'rim
383 1635 524 1710 partibus,
544 1648 616 1706 quas
635 1635 750 1702 secutus
770 1636 842 1708 erat,
862 1627 940 1692 haud
960 1635 1048 1692 dubie
1066 1649 1120 1708 per
1137 1634 1200 1693 lon·

211 1739 292 1796 gups,
305 1723 444 1796 temporis
469 1723 593 1798 spatium
616 1723 700 1779 Bruti
724 1719 922 1798 sociorumque
947 1724 1059 1784 cladem
1082 1741 1151 1782 vere
1170 1723 1200 1780 st

142 1825 144 1836 ¹
212 1800 326 1876 sincero
345 1813 442 1872 animo
459 1813 586 1888 lugebat,
606 1815 637 1878 et
655 1813 740 1870 silere
757 1815 862 1888 opinor
879 1815 1005 1872 mdabat
1023 1831 1109 1890 quam
1128 1815 1201 1872 obli·

214 1905 414 1980 quessrutum'
429 1907 557 1976 magere.
594 1903 670 1962 Hinc
693 1904 766 1962 mihi
790 1905 908 1978 quidem
930 1921 990 1962 nnn
1014 1905 1134 1965 dubium
1157 1907 1202 1960 est

209 1995 286 2068 *quin
303 1997 380 2058 inter
397 2011 524 2070 pugnam
540 1995 756 2068 Philippensem
780 1995 917 2068 ethujus
934 1996 1042 2070 satirae
1061 1987 1202 2071 composi·

214 2085 324 2156 tionem
342 2088 453 2160 aliquot
476 2085 546 2144 anui
568 2085 793 2142 intercesserint
830 2088 897 2144 Jam
915 2103 980 2143 cum
998 2086 1062 2163 lex,
1088 2101 1202 2161 exque

215 2192 362 2249 sermones
386 2176 534 2234 ordinatos
559 2191 623 2232 esse
649 2177 774 2252 conjeci,
793 2176 834 2232 'in
860 2192 916 2232 sex
942 2176 1087 2250 prioribus
1115 2176 1201 2250 plane

215 2259 329 2330 servata
348 2267 401 2326 sits
420 2266 509 2324 etiam
526 2265 612 2336 hujus
631 2267 736 2324 satirae
749 2267 874 2322 aetatem
893 2282 912 2322 a
928 2265 1130 2346 praecedentis
1142 2281 1202 2323 non
1259 2254 1261 2264 ’

144 2391 147 2398 ,
211 2357 335 2414 multum
358 2358 522 2430 discrepare
548 2355 680 2413 dixerim.
717 2357 795 2426 Ergo
820 2371 904 2415 anno
927 2373 958 2416 ιι.
984 2372 1009 2415 c.
1034 2355 1113 2426 ΗΒ.
1132 2355 1202 2423 cuis

213 2447 438 2523 uoriplanu'ersc
452 2448 607 2522 psntnttte
624 2453 676 2506 cst.
713 2447 788 2504 Huic
807 2463 894 2524 anno,
912 2447 945 2504 in
962 2463 1049 2522 quem
1068 2448 1201 2506 caesaris

215 2540 363 2612 expeditio
382 2527 519 2597 adversus
537 2539 605 2595 Sex.
622 2538 793 2613 Pompejum
811 2542 948 2619 suscepta
972 2541 1003 2597 et
1026 2539 1115 2612 hujus
1133 2541 1211 2612 tuga,

129 2695 133 2698 ,
211 2628 340 2704 inuidit,¹
352 2630 467 2699 egregie
485 2629 660 2686 conveniunt
678 2646 720 2686 vs.
741 2630 778 2686 10
797 2645 856 2702 sq.=

411 2744 451 2762 ·-
467 2718 523 2776 hoc
541 2719 649 2774 etenim
668 2721 735 2788 sunt
752 2735 853 2780 omues
867 2719 935 2792 jure
953 2719 1078 2793 molesti,

278 2821 292 2856 ἰ
362 2808 428 2877 Quo
445 2808 544 2882 fortes,
563 2808 668 2880 quibus
686 2809 841 2868 adversum
856 2811 962 2868 bellum
979 2807 1097 2864 incidit:
1122 2806 1200 2866 inter

363 2900 490 2958 Hectora
496 2897 681 2975 pruiniden,
700 2901 860 2958 animosum
870 2902 957 2972 atque
969 2897 1046 2954 inter
1057 2897 1200 2958 Achillem

202 2981 206 2988 ’
280 3005 284 3020 ·
364 2993 420 3051 lra
433 2979 666 3066 fistt‘bnpttalis,
685 2991 719 3058 ut
736 2993 845 3050 nidmu
862 2992 1005 3048 nannet
1020 3005 1113 3066 mors,

363 3083 430 3142 Non
444 3083 533 3140 aliam
550 3081 588 3139 ob
599 3087 749 3159 caussam,
766 3083 825 3142 nisi
843 3079 1022 3156 qnodvirtus
1034 3081 1199 3156 inutraque
1264 3095 1265 3099 ’

364 3175 480 3234 Summa
497 3173 569 3250 luit3
593 3176 654 3231 aun
671 3174 699 3230 si
717 3176 869 3234 manau
886 3179 978 3230 seon
992 3175 1106 3249 ranna,

221 3335 224 3354 Ι
278 3289 282 3300 ·
364 3265 467 3324 Aut
443 3283 469 3322 ει
488 3263 651 3354 disparibus
668 3262 774 3321 bellum
792 3261 910 3367 incidat,
928 3266 963 3320 ut
979 3263 1116 3322 Diomedi

267 3391 270 3398 ,
365 3356 437 3412 Cum
454 3355 545 3426 Lycio
564 3356 687 3414 Glaucus
705 3353 834 3414 disoedat
851 3353 977 3434 pigrior,
995 3355 1071 3476 ultro
1132 3353 1135 3363 “

366 3443 535 3504 Muneribus
552 3447 715 3504 missis-*-

220 3536 252 3596 in
271 3535 374 3613 quibus
393 3549 467 3610 quae
486 3537 548 3594 tum
566 3539 733 3608 gererentur
751 3553 786 3594 ea
805 3553 824 3596 a
841 3542 928 3612 pocta
945 3537 1022 3596 tecte
1040 3534 1199 3608 significata

220 3639 284 3686 stas
303 3631 383 3704 putu
400 3653 438 3686 s.-
453 3626 615 3688 ¹Gertrorem
626 3629 754 3686 tortasse
778 3629 915 3705 temporis
939 3629 1037 3685 notam
1061 3623 1198 3684 submini-

221 3722 323 3799 strant,
342 3734 415 3797 qnae
434 3719 470 3778 de
488 3716 574 3781 Bitho
584 3719 613 3774 et
622 3718 747 3778 Bacchio
765 3718 970 3792 gladiatoribus
988 3717 1020 3774 in
1038 3717 1125 3775 une.
1138 3734 1197 3776 mo-

221 3813 338 3889 moratis
363 3811 478 3888 scripsit
495 3809 699 3886 rorpaprton:
723 3810 845 3888 „Bithus
870 3811 900 3866 et
924 3808 1065 3868 Bacchius
1090 3809 1197 3891 gladia-
