2760 4588
525 285 796 435 4197-

226 499 228 510 ·
262 487 447 546 unnim
462 487 592 570 mx.
622 471 940 568 ‘„rynuenar09um”
957 517 995 536 -
1013 491 1177 566 quodnu-

190 597 261 639 rono
287 581 359 638 duee
378 576 444 659 (vit
464 582 533 644 Hor.
552 599 582 656 p.
601 578 683 663 273.)
708 583 794 654 vulgu
817 583 946 640 referunt
973 581 1012 638 ad
1036 584 1178 640 aestatem

189 689 215 730 e
236 672 300 729 733.
326 674 377 728 eut
401 687 427 729 a.
447 671 511 728 734.
541 667 599 752 (ita
624 673 733 731 Grotet'.
760 689 789 747 p.
809 666 931 753 emb.)
950 687 1081 728 ——enno
1108 671 1172 729 729.

189 763 287 820 medio
308 763 448 836 seriptum
466 779 530 820 esse
549 779 637 837 supra
655 763 727 840 dixi,
747 778 812 832 enm
831 762 866 820 de
885 762 932 818 oti
952 761 980 838 3,
1000 761 1027 818 8.
1048 761 1176 835 disputa·

188 855 265 910 bam.
287 853 359 910 cum
372 853 489 912 Seribus
508 853 555 910 vel
572 854 669 927 potins
687 853 768 911 Indis
787 868 864 911 anno
882 853 945 910 729.
965 852 1102 910 Romanis
1114 869 1177 910 rem

188 943 278 1000 tuisse
297 945 420 1017 apparet
444 933 483 1000 ex
501 942 547 1001 od.
569 944 596 1019 1,
617 944 662 1000 12.
682 945 728 1001 56.
753 944 829 1002 Tum
848 951 999 1020 „reynata
1015 945 1090 1020 tyro
1107 943 1176 1000 na-

188 1035 274 1093 etra’⁷
297 1035 381 1092 facile
405 1033 487 1090 vides
506 1033 651 1107 pertinere
676 1033 714 1091 ad
739 1035 851 1092 civilem
874 1034 1044 1112 Parthorum
1069 1033 1176 1092 discor·

188 1123 278 1200 diam,
292 1125 373 1196 eujus
382 1124 539 1199 participes
554 1127 637 1180 erant
646 1124 793 1183 discordes
802 1124 950 1182 Tanaitae.
962 1118 1014 1202 (ei.
1027 1142 1056 1199 p.
1069 1126 1132 1182 161.
1146 1127 1176 1182 et
1213 1158 1217 1166 ·

189 1209 269 1294 165.)
276 1215 412 1273 Fortasse
423 1215 459 1273 de
467 1232 566 1272 rerum
576 1215 766 1273 OrIentelium
776 1219 863 1292 statu,
877 1215 912 1272 de
922 1215 1101 1290 Parthorum,
1108 1216 1175 1288 Sey·

188 1304 304 1361 thurum
315 1305 508 1380 Indorumque
521 1305 600 1363 ausis
611 1305 691 1362 haud
702 1307 795 1381 optati
806 1321 936 1363 rumores
948 1305 1173 1363 increbruerant.

262 1396 407 1454 Confectis
425 1397 519 1454 tribus
544 1397 703 1455 carminum
719 1396 818 1472 libris,
848 1411 969 1469 quorum
996 1395 1127 1454 ordinem
1145 1398 1176 1453 et

186 1489 319 1560 tempora
336 1487 530 1560 praetervecti
549 1503 664 1565 sumus,
687 1485 835 1545 Horatius·
846 1489 970 1544 exeunte
988 1502 1015 1544 a.
1034 1486 1098 1543 730.
1124 1487 1175 1544 aut
1254 1505 1258 1519 ¹

100 1639 103 1656 .
185 1577 270 1635 initio
302 1579 449 1652 sequentis
481 1576 642 1652 composuit
676 1579 805 1636 Carmen
823 1578 895 1635 libri
911 1580 943 1634 3.
963 1578 1017 1633 30.
1051 1579 1175 1653 „Eueni

186 1669 434 1728 monumentum’
452 1671 482 1726 et
503 1669 632 1728 carmen
650 1669 720 1726 libre·
738 1669 770 1727 1.
790 1668 821 1726 1.
835 1669 1023 1743 ,Maecenas
1042 1669 1174 1744 αιαυὶε”,

183 1755 257 1818 illud
275 1765 307 1819 nt
326 1762 440 1838 epilogo
458 1761 515 1854 hoe
530 1763 565 1818 ut
581 1759 701 1834 pmlogu
719 1757 880 1816 inserviret

514 2066 516 2077 1
586 2069 777 2082 numana—nun·-
