2792 4576
623 297 829 370 ...u-

231 461 338 526 milites
361 463 394 522 ia
413 461 551 524 casim
575 465 685 542 mam,
711 463 789 540 quod
807 463 868 524 enit
885 451 1091 540 opportuniora
1109 471 1218 545 essent,
1252 477 1257 487 ’
1337 457 1339 465 ’

231 555 373 626 migravit
410 555 488 614 Dein
504 556 592 613 nootu
603 557 718 618 autum
730 555 856 616 hostium
870 558 965 616 eous
976 557 1094 616 adortus
1109 560 1140 613 et
1152 575 1218 616 eum

230 657 335 718 magno
353 659 453 704 eorum
470 644 643 707 detrimento
659 663 714 722 per
737 645 840 716 viginti
863 646 925 704 iere
950 646 1013 706 dies
1031 637 1139 706 duetus
1156 648 1217 708 bel·

230 739 306 813 lum,
332 736 450 796 undem
464 735 607 798 militibus
629 749 741 798 moram
757 735 982 796 detrectantibus
1006 742 1037 796 et
1055 739 1133 814 qnod
1151 755 1217 798 suo-

229 845 295 886 rum
313 826 519 905 delectionem,
552 845 638 904 quarn
661 803 791 884 nonnulii
812 825 875 896 jnm
900 828 1049 906 iniissent,
1080 829 1218 910 majorem

228 920 382 994 metueret,
400 918 506 978 iterum
524 937 589 978 eum
606 917 738 978 hostibus
757 917 894 976 oonflixit.
931 919 1031 979 Victus
1044 923 1141 977 autem
1154 921 1217 978 acie

229 1011 400 1083 fugatusque
418 1012 504 1068 noete
523 1026 556 1066 se
573 1011 605 1066 ln
623 1008 764 1066 tumulum
781 1009 891 1085 recepit
908 1011 940 1066 et
956 1009 1044 1070 rebus
1057 1010 1217 1085 desperatis

229 1101 261 1164 in
278 1100 421 1158 Stratonis
438 1100 602 1174 Aegeatae,
621 1098 769 1156 familiaris
788 1099 850 1177 sui,
876 1099 1002 1172 gladium
1017 1102 1150 1160 incubuit
1167 1117 1217 1158 ex·

230 1191 408 1264 spiravitque
432 1187 564 1262 protinus
585 1181 641 1268 ιι).
687 1188 775 1261 cujus
800 1191 964 1265 exemplum
996 1209 1062 1252 oum
1087 1191 1217 1266 primarii

228 1281 284 1338 viri
308 1279 400 1338 seeuti
424 1279 522 1337 essent
539 1277 671 1352 plerique
686 1273 749 1360 ⁴²),
774 1281 902 1340 Messala
919 1284 1032 1358 autem,
1060 1298 1147 1358 quern
1163 1295 1217 1355 po-

226 1371 380 1446 poscerant
404 1367 522 1445 quidam
547 1368 667 1445 duoem,
692 1371 862 1446 „proximus
884 1371 917 1430 in
934 1371 992 1432 illis
1015 1373 1116 1430 castris
1134 1372 1217 1430 Bruti

227 1461 379 1536 Cassiiqne
397 1459 571 1536 auctoritati,
591 1459 700 1518 servari
718 1460 856 1518 beneficio
876 1463 1008 1520 meraris
1020 1462 1119 1522 mallet
1131 1477 1217 1537 quam

225 1553 343 1614 dublum
360 1567 442 1628 spem
460 1564 603 1606 armorum
626 1550 767 1627 temptare
784 1550 925 1624 amplius”
946 1555 1090 1610 relermte
1107 1551 1217 1624 Vellejo

225 1646 286 1704 Pat
305 1643 355 1702 lib.
374 1641 403 1716 2,
421 1640 483 1698 11..
503 1639 553 1714 qui
572 1638 695 1714 sospites
715 1637 861 1714 expugna
876 1646 1046 1720 evaserant,
1064 1643 1087 1701 ii
1105 1643 1216 1702 autvi-

225 1732 354 1792 etoribus
371 1731 448 1789 ultro
466 1746 499 1788 ae
518 1729 660 1788 dederunt
674 1724 731 1811 ⁴⁸),
750 1734 801 1788 aut
818 1731 849 1790 in
866 1733 936 1803 luge
953 1734 1076 1792 odotem
1101 1734 1216 1809 quaesi-

223 1824 337 1900 verunt,
355 1823 461 1896 partim
473 1819 512 1880 ad
524 1821 590 1878 Sex.
603 1821 772 1895 pompejum
784 1814 841 1903 ⁴⁴),
860 1822 964 1895 partim
977 1823 1015 1884 ed
1027 1839 1095 1884 suos
1108 1825 1216 1884 abeun

98 1949 101 1954 -
223 1920 278 1974 tas.
316 1915 396 1982 Quos
415 1915 442 1974 si
458 1912 550 1974 veluti
567 1913 645 1972 rates
663 1914 771 1970 nacae
788 1912 872 1970 navis
890 1912 1029 1986 disiectas
1047 1918 1078 1974 et
1088 1915 1215 1990 prooelia

223 2007 281 2064 lruo
298 2005 366 2066 illue
383 2005 506 2078 water
525 2002 621 2062 aniano
640 2004 670 2060 et
688 2002 861 2075 cogitadone
878 2005 1097 2084 prosequimur,
1116 2021 1225 2066 eorum·

222 2096 255 2156 in
272 2111 392 2156 numero
404 2095 556 2153 Horatium
573 2108 689 2168 quoque
707 2095 838 2152 fortunae
855 2093 1022 2152 iidminibus
1040 2100 1215 2168 prostratum

223 2191 255 2246 et
271 2190 409 2260 tanquam
426 2184 548 2242 alterum
564 2183 677 2242 Icarum
702 2183 729 2240 si
754 2199 813 2242 non
837 2199 876 2244 ex
898 2182 958 2242 alto
976 2185 1093 2242 aethere
1117 2187 1215 2244 tamen

223 2294 262 2335 ox
278 2275 435 2334 honorifica
450 2272 614 2332 tribunatus
632 2272 772 2344 digmtate
789 2273 822 2332 in
838 2272 965 2332 intimam
988 2275 1146 2345 egestatem
1164 2273 1214 2332 de·

208 2361 211 2369 '
218 2365 331 2440 jectum
353 2379 414 2422 non
438 2364 502 2422 sino
526 2362 625 2420 dolore
648 2362 789 2422 videmus.
830 2363 861 2422 Is
879 2361 957 2422 enim
974 2377 1088 2438 pugnae
1105 2363 1214 2438 Philip·

222 2457 323 2533 pensis
348 2471 409 2525 uon
425 2453 522 2514 varios
540 2456 653 2512 tautum
671 2457 792 2514 eventus
810 2457 842 2512 et
859 2453 1074 2512 dobdtndines
1099 2453 1152 2528 sed
1168 2455 1213 2529 ip·

223 2565 286 2608 sam
303 2548 393 2608 etiam
410 2548 536 2618 stragem
554 2547 693 2621 expertus
710 2545 742 2604 et
759 2544 820 2604 sois
832 2545 923 2606 ooubs
934 2545 1061 2626 umens,
1080 2549 1215 2608 strenuus

221 2638 364 2698 libertatis
382 2639 669 2714 prostrastratum
687 2635 803 2694 demum
1085 2635 1088 2642 '

421 2729 495 2788 Cum
505 2729 597 2787 Meta
613 2727 707 2786 virtus
725 2729 756 2784 et
773 2727 902 2788 minares

455 2819 554 2892 Turpe
571 2817 663 2878 solum
680 2817 803 2889 tetigere
820 2821 919 2878 mento

223 2927 262 2970 ex
290 2910 401 2987 proelio
432 2910 570 2984 profugus
607 2905 695 2965 morti
724 2908 904 2967 voluntariae
939 2902 1105 2978 anteposuit
1135 2905 1211 2962 salu·

222 3004 297 3078 tem,
323 3000 453 3076 quamvis
472 2999 561 3056 dubia
577 2997 705 3056 hostium
722 2998 815 3071 grado
832 3001 862 3056 et
878 2995 980 3071 venia,
1006 2997 1099 3068 atque¹
1116 2995 1211 3054 lemae

221 3105 315 3166 paene
343 3089 496 3168 dispendio
527 3092 653 3166 emptam
671 3083 728 3170 ⁴⁸)-
780 3087 896 3150 nanim
920 3101 985 3146 oum
1014 3083 1100 3168 vitiis
1129 3086 1210 3158 iuga·

225 3233 423 3246 Ἥ

288 3316 333 3382 ll)
348 3314 395 3364 Dio
406 3314 447 3374 17,
459 3315 504 3367 ibt
515 3314 576 3379 App.
587 3316 611 3364 b.
624 3329 646 3364 e·
658 3313 682 3374 1,
694 3311 751 3364 tat.
768 3309 832 3359 Pur.
843 3309 913 3358 Brut.
924 3309 965 3361 bi.
978 3313 1018 3361 bb.
1035 3307 1120 3373 Vellei.
1131 3312 1156 3370 t,
1167 3310 1208 3360 ro.

287 3412 334 3477 ta)
350 3411 396 3465 Dio
413 3413 454 3472 17,
471 3411 514 3462 in.
530 3413 590 3478 App.
607 3413 632 3473 1,
647 3410 705 3463 itt.

289 3513 337 3577 13)
351 3511 413 3576 App·
430 3510 454 3571 4,
470 3510 521 3562 185
536 3527 574 3577 aq.

287 3612 334 3679 41)
349 3609 383 3659 Ut
403 3609 621 3668 cicadationes,
642 3609 742 3658 (lardus
763 3607 909 3666 Pamnsis,
929 3608 979 3656 alii.
1012 3608 1043 3657 oi.
1065 3607 1165 3672 Appiae.
1181 3608 1205 3656 b.
1226 3663 1229 3674 Ι

223 3681 270 3730 civ.
287 3680 311 3738 l,
328 3678 369 3729 tl.
391 3679 420 3735 t,
435 3678 453 3727 8
471 3679 496 3725 et
511 3675 569 3726 139.
601 3674 687 3738 vdej.
703 3676 728 3736 8,
745 3675 786 3726 78.
818 3675 924 3726 blason.
939 3675 985 3723 rit.
1001 3687 1025 3740 p.
1041 3676 1084 3734 bb.
1115 3675 1205 3724 waiet.
1320 3683 1330 3700 ¹

245 3901 247 3908 Ι
289 3836 503 3901 sa1spaupu
525 3835 582 3890 sue
603 3833 711 3890 sunu·
735 3835 811 3888 testu
826 3808 926 3886 aaut
940 3831 1021 3886 erres
1037 3832 1084 3884 roe
1100 3833 1138 3886 u:
1165 3831 1205 3882 oa
