<?xml version="1.0" encoding="UTF-8"?>
<!DOCTYPE html PUBLIC "-//W3C//DTD XHTML 1.0 Transitional//EN"
    "http://www.w3.org/TR/xhtml1/DTD/xhtml1-transitional.dtd">
<html xmlns="http://www.w3.org/1999/xhtml" xml:lang="en" lang="en">
 <head>
  <title>
</title>
<meta http-equiv="Content-Type" content="text/html;charset=utf-8" />
  <meta name='ocr-system' content='tesseract 3.04.00' />
  <meta name='ocr-capabilities' content='ocr_page ocr_carea ocr_par ocr_line ocrx_word'/>
</head>
<body>
  <div class='ocr_page' id='page_1' title='image "./fastihoratiani00lachgoog_0051.png"; bbox 0 0 2792 4576; ppageno 0'>
   <div class='ocr_carea' id='block_1_1' title="bbox 593 293 797 356">
    <p class='ocr_par' dir='ltr' id='par_1_1' title="bbox 593 293 797 356">
     <span class='ocr_line' id='line_1_1' title="bbox 593 293 797 356; baseline 0 -18"><span class='ocrx_word' id='word_1_1' title='bbox 593 293 797 356; x_wconf 64' lang='grc'><strong>..44-</strong></span> 
     </span>
    </p>
   </div>
   <div class='ocr_carea' id='block_1_2' title="bbox 203 451 1243 890">
    <p class='ocr_par' dir='ltr' id='par_1_2' title="bbox 203 451 1243 890">
     <span class='ocr_line' id='line_1_2' title="bbox 206 451 1188 528; baseline -0.003 -16"><span class='ocrx_word' id='word_1_2' title='bbox 206 452 251 512; x_wconf 65' lang='lat' dir='ltr'><strong>dt</strong></span> <span class='ocrx_word' id='word_1_3' title='bbox 268 452 300 508; x_wconf 90' lang='lat' dir='ltr'><strong>in</strong></span> <span class='ocrx_word' id='word_1_4' title='bbox 316 453 499 512; x_wconf 61' lang='lat' dir='ltr'><strong>moneam</strong></span> <span class='ocrx_word' id='word_1_5' title='bbox 521 453 709 526; x_wconf 82' lang='lat' dir='ltr'><strong>Amorginum</strong></span> <span class='ocrx_word' id='word_1_6' title='bbox 733 457 763 510; x_wconf 93' lang='lat' dir='ltr'><strong>et</strong></span> <span class='ocrx_word' id='word_1_7' title='bbox 781 451 998 528; x_wconf 74' lang='lat' dir='ltr'><strong>Htppococtem</strong></span> <span class='ocrx_word' id='word_1_8' title='bbox 1021 451 1188 526; x_wconf 84' lang='lat' dir='ltr'><strong>Ephesium.</strong></span> 
     </span>
     <span class='ocr_line' id='line_1_3' title="bbox 205 534 1188 621; baseline 0 -20"><span class='ocrx_word' id='word_1_9' title='bbox 205 545 271 601; x_wconf 88' lang='lat' dir='ltr'><strong>Jam</strong></span> <span class='ocrx_word' id='word_1_10' title='bbox 288 558 359 600; x_wconf 88' lang='lat' dir='ltr'><strong>vero</strong></span> <span class='ocrx_word' id='word_1_11' title='bbox 377 543 415 600; x_wconf 89' lang='lat' dir='ltr'><strong>ad</strong></span> <span class='ocrx_word' id='word_1_12' title='bbox 434 534 536 600; x_wconf 88' lang='lat' dir='ltr'><strong>horum</strong></span> <span class='ocrx_word' id='word_1_13' title='bbox 554 545 727 621; x_wconf 85' lang='lat' dir='ltr'><strong>exemplum,</strong></span> <span class='ocrx_word' id='word_1_14' title='bbox 746 544 878 618; x_wconf 87' lang='lat' dir='ltr'><strong>inprimis</strong></span> <span class='ocrx_word' id='word_1_15' title='bbox 897 543 1077 619; x_wconf 78' lang='lat' dir='ltr'><strong>Archilochi,</strong></span> <span class='ocrx_word' id='word_1_16' title='bbox 1096 544 1188 601; x_wconf 88' lang='lat' dir='ltr'><strong>Hora-</strong></span> 
     </span>
     <span class='ocr_line' id='line_1_4' title="bbox 205 632 1187 712; baseline 0 -22"><span class='ocrx_word' id='word_1_17' title='bbox 205 634 263 690; x_wconf 90' lang='lat' dir='ltr'><strong>tius</strong></span> <span class='ocrx_word' id='word_1_18' title='bbox 283 651 350 691; x_wconf 89' lang='lat' dir='ltr'><strong>suos</strong></span> <span class='ocrx_word' id='word_1_19' title='bbox 369 634 531 706; x_wconf 79' lang='lat' dir='ltr'><strong>composuit</strong></span> <span class='ocrx_word' id='word_1_20' title='bbox 545 634 676 712; x_wconf 86' lang='lat' dir='ltr'><strong>jambos,</strong></span> <span class='ocrx_word' id='word_1_21' title='bbox 702 635 744 690; x_wconf 86' lang='lat' dir='ltr'><strong>ita</strong></span> <span class='ocrx_word' id='word_1_22' title='bbox 767 637 882 711; x_wconf 90' lang='lat' dir='ltr'><strong>tamen,</strong></span> <span class='ocrx_word' id='word_1_23' title='bbox 907 637 940 690; x_wconf 90' lang='lat' dir='ltr'><strong>ut</strong></span> <span class='ocrx_word' id='word_1_24' title='bbox 957 651 1011 691; x_wconf 90' lang='lat' dir='ltr'><strong>nec</strong></span> <span class='ocrx_word' id='word_1_25' title='bbox 1028 632 1126 690; x_wconf 86' lang='lat' dir='ltr'><strong>verbis</strong></span> <span class='ocrx_word' id='word_1_26' title='bbox 1143 634 1187 690; x_wconf 93' lang='lat' dir='ltr'><strong>in-</strong></span> 
     </span>
     <span class='ocr_line' id='line_1_5' title="bbox 205 723 1187 801; baseline -0.001 -20"><span class='ocrx_word' id='word_1_27' title='bbox 205 725 339 782; x_wconf 79' lang='lat' dir='ltr'><strong>haereret</strong></span> <span class='ocrx_word' id='word_1_28' title='bbox 367 739 421 780; x_wconf 84' lang='grc'><strong>111</strong></span> <span class='ocrx_word' id='word_1_29' title='bbox 445 724 511 798; x_wconf 90' lang='lat' dir='ltr'><strong>ipsa</strong></span> <span class='ocrx_word' id='word_1_30' title='bbox 540 741 640 783; x_wconf 89' lang='lat' dir='ltr'><strong>eorum</strong></span> <span class='ocrx_word' id='word_1_31' title='bbox 669 725 795 782; x_wconf 88' lang='lat' dir='ltr'><strong>carmina</strong></span> <span class='ocrx_word' id='word_1_32' title='bbox 824 727 1021 801; x_wconf 84' lang='lat' dir='ltr'><strong>converteret,</strong></span> <span class='ocrx_word' id='word_1_33' title='bbox 1056 723 1107 780; x_wconf 89' lang='lat' dir='ltr'><strong>sed</strong></span> <span class='ocrx_word' id='word_1_34' title='bbox 1134 741 1187 780; x_wconf 92' lang='lat' dir='ltr'><strong>nn·</strong></span> 
     </span>
     <span class='ocr_line' id='line_1_6' title="bbox 203 815 1243 890; baseline -0.001 -18"><span class='ocrx_word' id='word_1_35' title='bbox 203 831 347 872; x_wconf 89' lang='lat' dir='ltr'><strong>merorum</strong></span> <span class='ocrx_word' id='word_1_36' title='bbox 365 816 476 871; x_wconf 87' lang='lat' dir='ltr'><strong>tautum</strong></span> <span class='ocrx_word' id='word_1_37' title='bbox 494 815 731 890; x_wconf 79' lang='lat' dir='ltr'><strong>compositionem</strong></span> <span class='ocrx_word' id='word_1_38' title='bbox 752 819 782 872; x_wconf 92' lang='lat' dir='ltr'><strong>et</strong></span> <span class='ocrx_word' id='word_1_39' title='bbox 803 816 899 889; x_wconf 88' lang='lat' dir='ltr'><strong>poesis</strong></span> <span class='ocrx_word' id='word_1_40' title='bbox 917 815 1043 872; x_wconf 83' lang='lat' dir='ltr'><strong>indolem</strong></span> <span class='ocrx_word' id='word_1_41' title='bbox 1061 815 1187 871; x_wconf 91' lang='lat' dir='ltr'><strong>imitare-</strong></span> <span class='ocrx_word' id='word_1_42' title='bbox 1239 837 1243 848; x_wconf 65' lang='lat'><strong>.</strong></span> 
     </span>
    </p>
   </div>
   <div class='ocr_carea' id='block_1_3' title="bbox 104 900 1188 986">
    <p class='ocr_par' dir='ltr' id='par_1_3' title="bbox 104 900 1188 986">
     <span class='ocr_line' id='line_1_7' title="bbox 104 900 1188 986; baseline -0.002 -23"><span class='ocrx_word' id='word_1_43' title='bbox 104 913 111 922; x_wconf 86' lang='lat'>&#39;</span> <span class='ocrx_word' id='word_1_44' title='bbox 203 910 251 963; x_wconf 90' lang='lat' dir='ltr'><strong>tur</strong></span> <span class='ocrx_word' id='word_1_45' title='bbox 263 900 301 986; x_wconf 80' lang='lat'><strong>⁴).</strong></span> <span class='ocrx_word' id='word_1_46' title='bbox 339 905 417 975; x_wconf 84' lang='lat' dir='ltr'><strong>Ergo</strong></span> <span class='ocrx_word' id='word_1_47' title='bbox 436 910 556 980; x_wconf 87' lang='lat' dir='ltr'><strong>apparet</strong></span> <span class='ocrx_word' id='word_1_48' title='bbox 575 923 641 964; x_wconf 89' lang='lat' dir='ltr'><strong>eum</strong></span> <span class='ocrx_word' id='word_1_49' title='bbox 659 908 690 962; x_wconf 90' lang='lat' dir='ltr'><strong>et</strong></span> <span class='ocrx_word' id='word_1_50' title='bbox 707 904 816 976; x_wconf 81' lang='lat' dir='ltr'><strong>ingenii</strong></span> <span class='ocrx_word' id='word_1_51' title='bbox 834 907 978 981; x_wconf 85' lang='lat' dir='ltr'><strong>quandam</strong></span> <span class='ocrx_word' id='word_1_52' title='bbox 989 906 1188 978; x_wconf 82' lang='lat' dir='ltr'><strong>cognationem</strong></span> 
     </span>
    </p>
   </div>
   <div class='ocr_carea' id='block_1_4' title="bbox 200 995 1188 1534">
    <p class='ocr_par' dir='ltr' id='par_1_4' title="bbox 200 995 1188 1534">
     <span class='ocr_line' id='line_1_8' title="bbox 203 995 1188 1072; baseline -0.001 -19"><span class='ocrx_word' id='word_1_53' title='bbox 203 1013 269 1054; x_wconf 89' lang='lat' dir='ltr'><strong>cum</strong></span> <span class='ocrx_word' id='word_1_54' title='bbox 286 995 343 1052; x_wconf 92' lang='lat' dir='ltr'><strong>illis</strong></span> <span class='ocrx_word' id='word_1_55' title='bbox 368 996 521 1072; x_wconf 89' lang='lat' dir='ltr'><strong>habuisse,</strong></span> <span class='ocrx_word' id='word_1_56' title='bbox 550 999 580 1052; x_wconf 92' lang='lat' dir='ltr'><strong>et</strong></span> <span class='ocrx_word' id='word_1_57' title='bbox 604 996 746 1053; x_wconf 87' lang='lat' dir='ltr'><strong>consimili</strong></span> <span class='ocrx_word' id='word_1_58' title='bbox 769 996 846 1054; x_wconf 89' lang='lat' dir='ltr'><strong>vitae</strong></span> <span class='ocrx_word' id='word_1_59' title='bbox 876 997 1039 1055; x_wconf 91' lang='lat' dir='ltr'><strong>conditione</strong></span> <span class='ocrx_word' id='word_1_60' title='bbox 1067 998 1097 1052; x_wconf 92' lang='lat' dir='ltr'><strong>et</strong></span> <span class='ocrx_word' id='word_1_61' title='bbox 1123 996 1188 1069; x_wconf 90' lang='lat' dir='ltr'><strong>pari</strong></span> 
     </span>
     <span class='ocr_line' id='line_1_9' title="bbox 202 1085 1186 1160; baseline -0.002 -15"><span class='ocrx_word' id='word_1_62' title='bbox 202 1085 291 1145; x_wconf 86' lang='lat' dir='ltr'><strong>animi</strong></span> <span class='ocrx_word' id='word_1_63' title='bbox 309 1086 460 1144; x_wconf 81' lang='lat' dir='ltr'><strong>affectione</strong></span> <span class='ocrx_word' id='word_1_64' title='bbox 486 1086 604 1143; x_wconf 89' lang='lat' dir='ltr'><strong>ductum</strong></span> <span class='ocrx_word' id='word_1_65' title='bbox 622 1088 705 1143; x_wconf 89' lang='lat' dir='ltr'><strong>acuto</strong></span> <span class='ocrx_word' id='word_1_66' title='bbox 730 1089 820 1160; x_wconf 81' lang='lat' dir='ltr'><strong>ungui</strong></span> <span class='ocrx_word' id='word_1_67' title='bbox 844 1088 1025 1146; x_wconf 88' lang='lat' dir='ltr'><strong>adversarios</strong></span> <span class='ocrx_word' id='word_1_68' title='bbox 1051 1087 1186 1145; x_wconf 86' lang='lat' dir='ltr'><strong>secuisse.</strong></span> 
     </span>
     <span class='ocr_line' id='line_1_10' title="bbox 201 1176 1188 1252; baseline -0.002 -17"><span class='ocrx_word' id='word_1_69' title='bbox 201 1177 325 1236; x_wconf 80' lang='lat' dir='ltr'><strong>Etiamsi</strong></span> <span class='ocrx_word' id='word_1_70' title='bbox 351 1176 441 1247; x_wconf 80' lang='lat' dir='ltr'><strong>igitur</strong></span> <span class='ocrx_word' id='word_1_71' title='bbox 467 1177 511 1232; x_wconf 87' lang='lat' dir='ltr'><strong>nil</strong></span> <span class='ocrx_word' id='word_1_72' title='bbox 537 1176 653 1234; x_wconf 86' lang='lat' dir='ltr'><strong>aliunde</strong></span> <span class='ocrx_word' id='word_1_73' title='bbox 678 1177 714 1234; x_wconf 88' lang='lat' dir='ltr'><strong>de</strong></span> <span class='ocrx_word' id='word_1_74' title='bbox 740 1182 912 1252; x_wconf 83' lang='lat' dir='ltr'><strong>aetateque</strong></span> <span class='ocrx_word' id='word_1_75' title='bbox 934 1177 1078 1249; x_wconf 84' lang='lat' dir='ltr'><strong>jambicae</strong></span> <span class='ocrx_word' id='word_1_76' title='bbox 1105 1177 1188 1251; x_wconf 90' lang='lat' dir='ltr'><strong>poesi</strong></span> 
     </span>
     <span class='ocr_line' id='line_1_11' title="bbox 200 1265 1186 1343; baseline -0.005 -17"><span class='ocrx_word' id='word_1_77' title='bbox 200 1283 319 1343; x_wconf 90' lang='lat' dir='ltr'><strong>operam</strong></span> <span class='ocrx_word' id='word_1_78' title='bbox 344 1265 432 1322; x_wconf 87' lang='lat' dir='ltr'><strong>dabat</strong></span> <span class='ocrx_word' id='word_1_79' title='bbox 456 1269 616 1343; x_wconf 89' lang='lat' dir='ltr'><strong>constaret,</strong></span> <span class='ocrx_word' id='word_1_80' title='bbox 645 1270 809 1328; x_wconf 86' lang='lat' dir='ltr'><strong>necessario</strong></span> <span class='ocrx_word' id='word_1_81' title='bbox 838 1272 936 1326; x_wconf 91' lang='lat' dir='ltr'><strong>tamen</strong></span> <span class='ocrx_word' id='word_1_82' title='bbox 959 1269 991 1324; x_wconf 91' lang='grc'><strong>11</strong></span> <span class='ocrx_word' id='word_1_83' title='bbox 1017 1283 1082 1324; x_wconf 89' lang='lat' dir='ltr'><strong>eam</strong></span> <span class='ocrx_word' id='word_1_84' title='bbox 1108 1267 1186 1323; x_wconf 82' lang='lat' dir='ltr'><strong>vitae</strong></span> 
     </span>
     <span class='ocr_line' id='line_1_12' title="bbox 200 1343 1186 1434; baseline -0.002 -20"><span class='ocrx_word' id='word_1_85' title='bbox 200 1343 313 1434; x_wconf 82' lang='lat' dir='ltr'><strong>partem</strong></span> <span class='ocrx_word' id='word_1_86' title='bbox 336 1356 543 1434; x_wconf 86' lang='lat' dir='ltr'><strong>incideremus,</strong></span> <span class='ocrx_word' id='word_1_87' title='bbox 568 1357 600 1414; x_wconf 91' lang='lat' dir='ltr'><strong>in</strong></span> <span class='ocrx_word' id='word_1_88' title='bbox 625 1372 682 1431; x_wconf 89' lang='lat' dir='ltr'><strong>qua</strong></span> <span class='ocrx_word' id='word_1_89' title='bbox 699 1358 842 1416; x_wconf 86' lang='lat' dir='ltr'><strong>libertatis</strong></span> <span class='ocrx_word' id='word_1_90' title='bbox 861 1375 1004 1434; x_wconf 89' lang='lat' dir='ltr'><strong>opumque</strong></span> <span class='ocrx_word' id='word_1_91' title='bbox 1024 1358 1137 1430; x_wconf 85' lang='lat' dir='ltr'><strong>jactura</strong></span> <span class='ocrx_word' id='word_1_92' title='bbox 1155 1355 1186 1412; x_wconf 91' lang='lat' dir='ltr'><strong>in</strong></span> 
     </span>
     <span class='ocr_line' id='line_1_13' title="bbox 201 1447 1185 1534; baseline -0.006 -26"><span class='ocrx_word' id='word_1_93' title='bbox 201 1465 342 1508; x_wconf 87' lang='lat' dir='ltr'><strong>summam</strong></span> <span class='ocrx_word' id='word_1_94' title='bbox 360 1447 489 1523; x_wconf 91' lang='lat' dir='ltr'><strong>inopiam</strong></span> <span class='ocrx_word' id='word_1_95' title='bbox 508 1449 643 1504; x_wconf 89' lang='lat' dir='ltr'><strong>detrusus</strong></span> <span class='ocrx_word' id='word_1_96' title='bbox 668 1452 699 1503; x_wconf 88' lang='lat' dir='ltr'><strong>et</strong></span> <span class='ocrx_word' id='word_1_97' title='bbox 716 1449 808 1521; x_wconf 89' lang='lat' dir='ltr'><strong>ipsius</strong></span> <span class='ocrx_word' id='word_1_98' title='bbox 827 1466 920 1522; x_wconf 88' lang='lat' dir='ltr'><strong>paene</strong></span> <span class='ocrx_word' id='word_1_99' title='bbox 939 1450 1016 1506; x_wconf 88' lang='lat' dir='ltr'><strong>vitae</strong></span> <span class='ocrx_word' id='word_1_100' title='bbox 1035 1451 1185 1534; x_wconf 67' lang='lat' dir='ltr'><strong>pertaesus</strong></span> 
     </span>
    </p>
   </div>
   <div class='ocr_carea' id='block_1_5' title="bbox 200 1537 1353 1613">
    <p class='ocr_par' dir='ltr' id='par_1_5' title="bbox 200 1537 1353 1613">
     <span class='ocr_line' id='line_1_14' title="bbox 200 1537 1353 1613; baseline -0.004 -16"><span class='ocrx_word' id='word_1_101' title='bbox 200 1544 271 1600; x_wconf 88' lang='lat' dir='ltr'><strong>erat.</strong></span> <span class='ocrx_word' id='word_1_102' title='bbox 303 1539 427 1598; x_wconf 88' lang='lat' dir='ltr'><strong>Proinde</strong></span> <span class='ocrx_word' id='word_1_103' title='bbox 447 1538 498 1594; x_wconf 92' lang='lat' dir='ltr'><strong>ubi</strong></span> <span class='ocrx_word' id='word_1_104' title='bbox 517 1555 554 1594; x_wconf 84' lang='lat' dir='ltr'><strong>ex</strong></span> <span class='ocrx_word' id='word_1_105' title='bbox 571 1538 648 1595; x_wconf 92' lang='lat' dir='ltr'><strong>bello</strong></span> <span class='ocrx_word' id='word_1_106' title='bbox 667 1537 847 1610; x_wconf 87' lang='lat' dir='ltr'><strong>Philippensi</strong></span> <span class='ocrx_word' id='word_1_107' title='bbox 867 1541 985 1595; x_wconf 86' lang='lat' dir='ltr'><strong>Romam</strong></span> <span class='ocrx_word' id='word_1_108' title='bbox 1003 1538 1100 1613; x_wconf 89' lang='lat' dir='ltr'><strong>rediit,</strong></span> <span class='ocrx_word' id='word_1_109' title='bbox 1120 1554 1186 1593; x_wconf 91' lang='lat' dir='ltr'><strong>eum</strong></span> <span class='ocrx_word' id='word_1_110' title='bbox 1267 1571 1270 1578; x_wconf 62' lang='lat'><em>=</em></span> <span class='ocrx_word' id='word_1_111' title='bbox 1351 1555 1353 1563; x_wconf 56' lang='lat'><em>&#39;</em></span> 
     </span>
    </p>
   </div>
   <div class='ocr_carea' id='block_1_6' title="bbox 195 1627 1187 2232">
    <p class='ocr_par' dir='ltr' id='par_1_6' title="bbox 199 1627 1187 1706">
     <span class='ocr_line' id='line_1_15' title="bbox 199 1627 1187 1706; baseline -0.001 -19"><span class='ocrx_word' id='word_1_112' title='bbox 199 1631 238 1687; x_wconf 86' lang='lat' dir='ltr'><strong>ad</strong></span> <span class='ocrx_word' id='word_1_113' title='bbox 260 1631 335 1706; x_wconf 78' lang='lat' dir='ltr'><strong>hauc</strong></span> <span class='ocrx_word' id='word_1_114' title='bbox 358 1629 462 1702; x_wconf 89' lang='lat' dir='ltr'><strong>poesin</strong></span> <span class='ocrx_word' id='word_1_115' title='bbox 490 1644 555 1684; x_wconf 88' lang='lat' dir='ltr'><strong>sese</strong></span> <span class='ocrx_word' id='word_1_116' title='bbox 568 1669 571 1678; x_wconf 55' lang='grc'><strong>«</strong></span> <span class='ocrx_word' id='word_1_117' title='bbox 584 1627 744 1700; x_wconf 82' lang='lat' dir='ltr'><strong>applicasse</strong></span> <span class='ocrx_word' id='word_1_118' title='bbox 769 1628 883 1705; x_wconf 90' lang='lat' dir='ltr'><strong>judico,</strong></span> <span class='ocrx_word' id='word_1_119' title='bbox 912 1644 970 1703; x_wconf 87' lang='lat' dir='ltr'><strong>qua</strong></span> <span class='ocrx_word' id='word_1_120' title='bbox 992 1631 1187 1704; x_wconf 76' lang='lat' dir='ltr'><strong>„Fastidiose</strong></span> 
     </span>
    </p>

    <p class='ocr_par' dir='ltr' id='par_1_7' title="bbox 197 1712 1185 1798">
     <span class='ocr_line' id='line_1_16' title="bbox 197 1712 1185 1798; baseline -0.003 -19"><span class='ocrx_word' id='word_1_121' title='bbox 197 1724 290 1779; x_wconf 77' lang='lat' dir='ltr'><strong>tristis</strong></span> <span class='ocrx_word' id='word_1_122' title='bbox 308 1717 518 1792; x_wconf 55' lang='lat' dir='ltr'><strong>oecumenem</strong></span> <span class='ocrx_word' id='word_1_123' title='bbox 541 1712 641 1798; x_wconf 91' lang='lat' dir='ltr'><strong>(epod.</strong></span> <span class='ocrx_word' id='word_1_124' title='bbox 663 1718 714 1794; x_wconf 85' lang='lat' dir='ltr'><strong>li,</strong></span> <span class='ocrx_word' id='word_1_125' title='bbox 734 1713 787 1798; x_wconf 76' lang='lat'><strong>73)</strong></span> <span class='ocrx_word' id='word_1_126' title='bbox 810 1722 952 1795; x_wconf 80' lang='lat' dir='ltr'><strong>„levaret</strong></span> <span class='ocrx_word' id='word_1_127' title='bbox 969 1723 1185 1792; x_wconf 73' lang='lat' dir='ltr'><strong>ctrtspecrcra</strong></span> 
     </span>
    </p>

    <p class='ocr_par' dir='ltr' id='par_1_8' title="bbox 195 1799 1183 1890">
     <span class='ocr_line' id='line_1_17' title="bbox 195 1799 1183 1890; baseline -0.004 -21"><span class='ocrx_word' id='word_1_128' title='bbox 195 1807 469 1870; x_wconf 67' lang='grc' dir='ltr'><strong>1111111111111111111111(ί</strong></span> <span class='ocrx_word' id='word_1_129' title='bbox 489 1803 591 1890; x_wconf 88' lang='lat' dir='ltr'><strong>(epod.</strong></span> <span class='ocrx_word' id='word_1_130' title='bbox 613 1799 728 1890; x_wconf 51' lang='grc'><strong>1111)</strong></span> <span class='ocrx_word' id='word_1_131' title='bbox 766 1809 857 1882; x_wconf 86' lang='lat' dir='ltr'><strong>quue</strong></span> <span class='ocrx_word' id='word_1_132' title='bbox 882 1805 955 1885; x_wconf 87' lang='lat' dir='ltr'><strong>ipse</strong></span> <span class='ocrx_word' id='word_1_133' title='bbox 970 1811 1119 1872; x_wconf 83' lang='lat' dir='ltr'><strong>coufirmat</strong></span> <span class='ocrx_word' id='word_1_134' title='bbox 1136 1809 1183 1867; x_wconf 88' lang='lat' dir='ltr'><strong>od.</strong></span> 
     </span>
    </p>

    <p class='ocr_par' dir='ltr' id='par_1_9' title="bbox 198 1901 907 2068">
     <span class='ocr_line' id='line_1_18' title="bbox 198 1901 371 1982; baseline 0 -22"><span class='ocrx_word' id='word_1_135' title='bbox 198 1903 225 1980; x_wconf 94' lang='lat' dir='ltr'><strong>l,</strong></span> <span class='ocrx_word' id='word_1_136' title='bbox 246 1901 290 1982; x_wconf 81' lang='lat'><strong>16.</strong></span> <span class='ocrx_word' id='word_1_137' title='bbox 309 1901 371 1960; x_wconf 65' lang='lat'><strong>22:</strong></span> 
     </span>
     <span class='ocr_line' id='line_1_19' title="bbox 265 1995 907 2068; baseline -0.003 -17"><span class='ocrx_word' id='word_1_138' title='bbox 265 2019 267 2026; x_wconf 40' lang='lat' dir='ltr'>v</span> <span class='ocrx_word' id='word_1_139' title='bbox 468 2025 506 2038; x_wconf 92' lang='lat'>—</span> <span class='ocrx_word' id='word_1_140' title='bbox 523 2023 561 2036; x_wconf 93' lang='lat'>—</span> <span class='ocrx_word' id='word_1_141' title='bbox 579 2008 628 2050; x_wconf 82' lang='lat' dir='ltr'><strong>rae</strong></span> <span class='ocrx_word' id='word_1_142' title='bbox 644 2007 764 2068; x_wconf 75' lang='lat' dir='ltr'><strong>quoque</strong></span> <span class='ocrx_word' id='word_1_143' title='bbox 779 1995 907 2065; x_wconf 77' lang='lat' dir='ltr'><strong>pectoris</strong></span> 
     </span>
    </p>

    <p class='ocr_par' dir='ltr' id='par_1_10' title="bbox 395 2073 913 2156">
     <span class='ocr_line' id='line_1_20' title="bbox 395 2073 913 2156; baseline -0.01 -14"><span class='ocrx_word' id='word_1_144' title='bbox 395 2086 561 2156; x_wconf 75' lang='lat' dir='ltr'><strong>Temptavit</strong></span> <span class='ocrx_word' id='word_1_145' title='bbox 577 2086 615 2140; x_wconf 81' lang='lat' dir='ltr'><strong>irs</strong></span> <span class='ocrx_word' id='word_1_146' title='bbox 634 2073 735 2140; x_wconf 78' lang='lat' dir='ltr'><strong>dulce·</strong></span> <span class='ocrx_word' id='word_1_147' title='bbox 746 2079 913 2152; x_wconf 80' lang='lat' dir='ltr'><strong>juvente</strong></span> 
     </span>
    </p>

    <p class='ocr_par' dir='ltr' id='par_1_11' title="bbox 402 2172 938 2232">
     <span class='ocr_line' id='line_1_21' title="bbox 402 2172 938 2232; baseline -0.009 1"><span class='ocrx_word' id='word_1_148' title='bbox 402 2199 405 2209; x_wconf 38' lang='lat' dir='ltr'><strong>r</strong></span> <span class='ocrx_word' id='word_1_149' title='bbox 466 2176 581 2232; x_wconf 74' lang='lat' dir='ltr'><strong>lleroor</strong></span> <span class='ocrx_word' id='word_1_150' title='bbox 598 2178 627 2230; x_wconf 90' lang='lat' dir='ltr'><strong>et</strong></span> <span class='ocrx_word' id='word_1_151' title='bbox 643 2176 677 2229; x_wconf 81' lang='lat' dir='ltr'><strong>trs</strong></span> <span class='ocrx_word' id='word_1_152' title='bbox 695 2173 805 2229; x_wconf 81' lang='lat' dir='ltr'><strong>celeres</strong></span> <span class='ocrx_word' id='word_1_153' title='bbox 822 2172 938 2231; x_wconf 82' lang='lat' dir='ltr'><strong>iambos</strong></span> 
     </span>
    </p>
   </div>
   <div class='ocr_carea' id='block_1_7' title="bbox 392 2260 651 2352">
    <p class='ocr_par' dir='ltr' id='par_1_12' title="bbox 392 2260 651 2352">
     <span class='ocr_line' id='line_1_22' title="bbox 392 2260 651 2352; baseline -0.019 -28"><span class='ocrx_word' id='word_1_154' title='bbox 392 2266 476 2352; x_wconf 72' lang='lat' dir='ltr'><strong>Ms&#39;sr&#39;t</strong></span> <span class='ocrx_word' id='word_1_155' title='bbox 489 2260 651 2335; x_wconf 62' lang='lat' dir='ltr'><strong>herentem.</strong></span> 
     </span>
    </p>
   </div>
   <div class='ocr_carea' id='block_1_8' title="bbox 196 2407 395 2423">
    <p class='ocr_par' dir='ltr' id='par_1_13' title="bbox 196 2407 395 2423">
     <span class='ocr_line' id='line_1_23' title="bbox 196 2407 395 2423; baseline -0.005 -3"><span class='ocrx_word' id='word_1_156' title='bbox 196 2407 395 2423; x_wconf 52' lang='lat' dir='ltr'>m</span> 
     </span>
    </p>
   </div>
   <div class='ocr_carea' id='block_1_9' title="bbox 195 2490 1182 3148">
    <p class='ocr_par' dir='ltr' id='par_1_14' title="bbox 196 2490 1182 2692">
     <span class='ocr_line' id='line_1_24' title="bbox 263 2490 1182 2556; baseline -0.001 -16"><span class='ocrx_word' id='word_1_157' title='bbox 263 2490 292 2556; x_wconf 76' lang='lat'><strong>4)</strong></span> <span class='ocrx_word' id='word_1_158' title='bbox 308 2491 463 2554; x_wconf 85' lang='lat' dir='ltr'><strong>Perspicuum</strong></span> <span class='ocrx_word' id='word_1_159' title='bbox 485 2491 554 2552; x_wconf 88' lang='lat' dir='ltr'><strong>hujus</strong></span> <span class='ocrx_word' id='word_1_160' title='bbox 576 2492 612 2539; x_wconf 89' lang='lat' dir='ltr'><strong>rei</strong></span> <span class='ocrx_word' id='word_1_161' title='bbox 633 2491 809 2552; x_wconf 87' lang='lat' dir='ltr'><strong>testimoninm,</strong></span> <span class='ocrx_word' id='word_1_162' title='bbox 835 2493 988 2541; x_wconf 87' lang='lat' dir='ltr'><strong>obscuratum</strong></span> <span class='ocrx_word' id='word_1_163' title='bbox 1009 2495 1089 2541; x_wconf 76' lang='grc'><strong>1111111</strong></span> <span class='ocrx_word' id='word_1_164' title='bbox 1105 2490 1182 2540; x_wconf 88' lang='lat' dir='ltr'><strong>inter-</strong></span> 
     </span>
     <span class='ocr_line' id='line_1_25' title="bbox 196 2557 1182 2623; baseline -0.002 -15"><span class='ocrx_word' id='word_1_165' title='bbox 196 2562 290 2622; x_wconf 87' lang='lat' dir='ltr'><strong>pretum</strong></span> <span class='ocrx_word' id='word_1_166' title='bbox 306 2557 453 2621; x_wconf 85' lang='lat' dir='ltr'><strong>quorundam</strong></span> <span class='ocrx_word' id='word_1_167' title='bbox 468 2558 551 2618; x_wconf 79' lang='lat' dir='ltr'><strong>nugis,</strong></span> <span class='ocrx_word' id='word_1_168' title='bbox 569 2561 607 2605; x_wconf 88' lang='lat' dir='ltr'><strong>est</strong></span> <span class='ocrx_word' id='word_1_169' title='bbox 623 2558 687 2621; x_wconf 86' lang='lat' dir='ltr'><strong>apud</strong></span> <span class='ocrx_word' id='word_1_170' title='bbox 702 2557 780 2621; x_wconf 74' lang='lat' dir='ltr'><strong>ipsum</strong></span> <span class='ocrx_word' id='word_1_171' title='bbox 795 2563 892 2622; x_wconf 87' lang='lat' dir='ltr'><strong>poetam</strong></span> <span class='ocrx_word' id='word_1_172' title='bbox 908 2561 933 2608; x_wconf 92' lang='lat' dir='ltr'><strong>in</strong></span> <span class='ocrx_word' id='word_1_173' title='bbox 951 2561 1022 2623; x_wconf 89' lang='lat' dir='ltr'><strong>epist.</strong></span> <span class='ocrx_word' id='word_1_174' title='bbox 1037 2558 1068 2618; x_wconf 87' lang='lat'><strong>1,</strong></span> <span class='ocrx_word' id='word_1_175' title='bbox 1084 2558 1126 2612; x_wconf 78' lang='lat'><strong>19.</strong></span> <span class='ocrx_word' id='word_1_176' title='bbox 1143 2558 1182 2607; x_wconf 78' lang='lat'><strong>28.</strong></span> 
     </span>
     <span class='ocr_line' id='line_1_26' title="bbox 196 2621 1111 2692; baseline -0.002 -18"><span class='ocrx_word' id='word_1_177' title='bbox 196 2641 232 2688; x_wconf 84' lang='lat' dir='ltr'><strong>sq.</strong></span> <span class='ocrx_word' id='word_1_178' title='bbox 249 2627 375 2687; x_wconf 84' lang='lat' dir='ltr'><strong>Respucns</strong></span> <span class='ocrx_word' id='word_1_179' title='bbox 392 2623 475 2672; x_wconf 88' lang='lat' dir='ltr'><strong>vilium</strong></span> <span class='ocrx_word' id='word_1_180' title='bbox 490 2623 635 2673; x_wconf 78' lang='lat' dir='ltr'><strong>imitatorum</strong></span> <span class='ocrx_word' id='word_1_181' title='bbox 652 2639 747 2673; x_wconf 89' lang='lat' dir='ltr'><strong>servum</strong></span> <span class='ocrx_word' id='word_1_182' title='bbox 763 2639 846 2686; x_wconf 88' lang='lat' dir='ltr'><strong>pecus,</strong></span> <span class='ocrx_word' id='word_1_183' title='bbox 862 2621 1005 2692; x_wconf 55' lang='lat' dir='ltr'><strong>‚pateat</strong></span> <span class='ocrx_word' id='word_1_184' title='bbox 1025 2626 1111 2688; x_wconf 88' lang='lat' dir='ltr'><strong>inquit,</strong></span> 
     </span>
    </p>

    <p class='ocr_par' dir='ltr' id='par_1_15' title="bbox 342 2687 1081 3016">
     <span class='ocr_line' id='line_1_27' title="bbox 342 2687 1009 2756; baseline 0.006 -18"><span class='ocrx_word' id='word_1_185' title='bbox 342 2687 443 2738; x_wconf 73' lang='lat' dir='ltr'><strong>lettera</strong></span> <span class='ocrx_word' id='word_1_186' title='bbox 458 2701 509 2749; x_wconf 84' lang='lat' dir='ltr'><strong>per</strong></span> <span class='ocrx_word' id='word_1_187' title='bbox 524 2702 638 2740; x_wconf 84' lang='lat' dir='ltr'><strong>vacuum</strong></span> <span class='ocrx_word' id='word_1_188' title='bbox 653 2691 730 2751; x_wconf 78' lang='lat' dir='ltr'><strong>posui</strong></span> <span class='ocrx_word' id='word_1_189' title='bbox 746 2693 857 2756; x_wconf 57' lang='lat' dir='ltr'><strong>cesama</strong></span> <span class='ocrx_word' id='word_1_190' title='bbox 873 2695 1009 2756; x_wconf 76' lang='lat' dir='ltr'><strong>princeps,</strong></span> 
     </span>
     <span class='ocr_line' id='line_1_28' title="bbox 343 2753 1000 2822; baseline 0.008 -20"><span class='ocrx_word' id='word_1_191' title='bbox 343 2753 407 2803; x_wconf 83' lang='lat' dir='ltr'><strong>Non</strong></span> <span class='ocrx_word' id='word_1_192' title='bbox 423 2755 512 2802; x_wconf 76' lang='lat' dir='ltr'><strong>arona</strong></span> <span class='ocrx_word' id='word_1_193' title='bbox 527 2767 586 2803; x_wconf 87' lang='lat' dir='ltr'><strong>meo</strong></span> <span class='ocrx_word' id='word_1_194' title='bbox 601 2758 686 2819; x_wconf 77' lang='lat' dir='ltr'><strong>pressi</strong></span> <span class='ocrx_word' id='word_1_195' title='bbox 701 2756 783 2818; x_wconf 65' lang='lat' dir='ltr'><strong>pedm</strong></span> <span class='ocrx_word' id='word_1_196' title='bbox 805 2759 849 2822; x_wconf 80' lang='lat' dir='ltr'><strong>qui</strong></span> <span class='ocrx_word' id='word_1_197' title='bbox 865 2757 915 2807; x_wconf 78' lang='lat' dir='ltr'><strong>sits·</strong></span> <span class='ocrx_word' id='word_1_198' title='bbox 929 2757 1000 2822; x_wconf 79' lang='lat' dir='ltr'><strong>fidat,</strong></span> 
     </span>
     <span class='ocr_line' id='line_1_29' title="bbox 343 2817 1066 2887; baseline -0.001 -18"><span class='ocrx_word' id='word_1_199' title='bbox 343 2819 407 2869; x_wconf 79' lang='lat' dir='ltr'><strong>Dum</strong></span> <span class='ocrx_word' id='word_1_200' title='bbox 423 2821 493 2883; x_wconf 74' lang='lat' dir='ltr'><strong>repit</strong></span> <span class='ocrx_word' id='word_1_201' title='bbox 508 2832 627 2869; x_wconf 76' lang='lat' dir='ltr'><strong>enomere.</strong></span> <span class='ocrx_word' id='word_1_202' title='bbox 661 2821 760 2872; x_wconf 83' lang='lat' dir='ltr'><strong>Partes</strong></span> <span class='ocrx_word' id='word_1_203' title='bbox 777 2835 825 2887; x_wconf 71' lang='lat' dir='ltr'><strong>epo</strong></span> <span class='ocrx_word' id='word_1_204' title='bbox 841 2826 945 2886; x_wconf 77' lang='lat' dir='ltr'><strong>primus</strong></span> <span class='ocrx_word' id='word_1_205' title='bbox 961 2817 1066 2870; x_wconf 75' lang='grc'><strong>1111111111</strong></span> 
     </span>
     <span class='ocr_line' id='line_1_30' title="bbox 343 2885 1067 2952; baseline -0.004 -16"><span class='ocrx_word' id='word_1_206' title='bbox 343 2885 451 2936; x_wconf 82' lang='lat' dir='ltr'><strong>Ostendi</strong></span> <span class='ocrx_word' id='word_1_207' title='bbox 467 2885 564 2946; x_wconf 83' lang='lat' dir='ltr'><strong>Latio,</strong></span> <span class='ocrx_word' id='word_1_208' title='bbox 587 2898 742 2935; x_wconf 83' lang='lat' dir='ltr'><strong>numeros</strong></span> <span class='ocrx_word' id='word_1_209' title='bbox 757 2891 951 2952; x_wconf 80' lang='lat' dir='ltr'><strong>animosque</strong></span> <span class='ocrx_word' id='word_1_210' title='bbox 966 2887 1067 2936; x_wconf 74' lang='lat' dir='ltr'><strong>secutas</strong></span> 
     </span>
     <span class='ocr_line' id='line_1_31' title="bbox 343 2949 1081 3016; baseline -0.003 -15"><span class='ocrx_word' id='word_1_211' title='bbox 343 2951 512 3015; x_wconf 80' lang='lat' dir='ltr'><strong>Archilochi,</strong></span> <span class='ocrx_word' id='word_1_212' title='bbox 528 2965 581 3000; x_wconf 82' lang='grc'><strong>11111</strong></span> <span class='ocrx_word' id='word_1_213' title='bbox 597 2964 641 3002; x_wconf 81' lang='lat' dir='ltr'><strong>res</strong></span> <span class='ocrx_word' id='word_1_214' title='bbox 657 2953 682 3002; x_wconf 88' lang='lat' dir='ltr'><strong>et</strong></span> <span class='ocrx_word' id='word_1_215' title='bbox 697 2955 805 3016; x_wconf 74' lang='lat' dir='ltr'><strong>upsalia</strong></span> <span class='ocrx_word' id='word_1_216' title='bbox 821 2952 905 3004; x_wconf 82' lang='lat' dir='ltr'><strong>cerba</strong></span> <span class='ocrx_word' id='word_1_217' title='bbox 922 2949 1081 3013; x_wconf 78' lang='lat' dir='ltr'><strong>Lycamben.</strong></span> 
     </span>
    </p>

    <p class='ocr_par' dir='ltr' id='par_1_16' title="bbox 261 3012 1180 3082">
     <span class='ocr_line' id='line_1_32' title="bbox 261 3012 1180 3082; baseline -0.003 -16"><span class='ocrx_word' id='word_1_218' title='bbox 261 3019 288 3066; x_wconf 92' lang='lat' dir='ltr'><strong>In</strong></span> <span class='ocrx_word' id='word_1_219' title='bbox 304 3017 342 3065; x_wconf 92' lang='lat' dir='ltr'><strong>his</strong></span> <span class='ocrx_word' id='word_1_220' title='bbox 362 3021 548 3078; x_wconf 80' lang='lat' dir='ltr'><strong>‚‚em&#39;rrtorum“</strong></span> <span class='ocrx_word' id='word_1_221' title='bbox 570 3012 630 3067; x_wconf 88' lang='lat' dir='ltr'><strong>voce</strong></span> <span class='ocrx_word' id='word_1_222' title='bbox 652 3032 698 3069; x_wconf 90' lang='lat' dir='ltr'><strong>non</strong></span> <span class='ocrx_word' id='word_1_223' title='bbox 721 3023 770 3067; x_wconf 88' lang='lat' dir='ltr'><strong>tam</strong></span> <span class='ocrx_word' id='word_1_224' title='bbox 786 3019 919 3082; x_wconf 78' lang='lat' dir='ltr'><strong>argumenti</strong></span> <span class='ocrx_word' id='word_1_225' title='bbox 940 3017 1060 3065; x_wconf 85' lang='lat' dir='ltr'><strong>acerbitas</strong></span> <span class='ocrx_word' id='word_1_226' title='bbox 1076 3013 1180 3079; x_wconf 88' lang='lat' dir='ltr'><strong>(Bentl.)</strong></span> 
     </span>
    </p>

    <p class='ocr_par' dir='ltr' id='par_1_17' title="bbox 195 3083 1180 3148">
     <span class='ocr_line' id='line_1_33' title="bbox 195 3083 1180 3148; baseline 0.001 -17"><span class='ocrx_word' id='word_1_227' title='bbox 195 3097 266 3148; x_wconf 87' lang='lat' dir='ltr'><strong>quam</strong></span> <span class='ocrx_word' id='word_1_228' title='bbox 281 3084 373 3132; x_wconf 81' lang='lat' dir='ltr'><strong>indoles</strong></span> <span class='ocrx_word' id='word_1_229' title='bbox 390 3089 415 3133; x_wconf 88' lang='lat' dir='ltr'><strong>et</strong></span> <span class='ocrx_word' id='word_1_230' title='bbox 431 3085 496 3134; x_wconf 88' lang='lat' dir='ltr'><strong>color</strong></span> <span class='ocrx_word' id='word_1_231' title='bbox 512 3086 641 3134; x_wconf 88' lang='lat' dir='ltr'><strong>carminum</strong></span> <span class='ocrx_word' id='word_1_232' title='bbox 658 3086 751 3134; x_wconf 90' lang='lat' dir='ltr'><strong>omnino</strong></span> <span class='ocrx_word' id='word_1_233' title='bbox 768 3087 919 3134; x_wconf 82' lang='lat' dir='ltr'><strong>denotantur.</strong></span> <span class='ocrx_word' id='word_1_234' title='bbox 947 3083 1016 3142; x_wconf 80' lang='lat' dir='ltr'><strong>„Res</strong></span> <span class='ocrx_word' id='word_1_235' title='bbox 1032 3084 1180 3147; x_wconf 68' lang='lat' dir='ltr'><strong>erupentia</strong></span> 
     </span>
    </p>
   </div>
   <div class='ocr_carea' id='block_1_10' title="bbox 98 3149 1180 3346">
    <p class='ocr_par' dir='ltr' id='par_1_18' title="bbox 98 3149 1180 3346">
     <span class='ocr_line' id='line_1_34' title="bbox 99 3149 1180 3222; baseline -0.004 -22"><span class='ocrx_word' id='word_1_236' title='bbox 99 3165 115 3222; x_wconf 84' lang='lat'><strong>&#39;.</strong></span> <span class='ocrx_word' id='word_1_237' title='bbox 194 3163 222 3200; x_wconf 84' lang='lat' dir='ltr'><strong>o.</strong></span> <span class='ocrx_word' id='word_1_238' title='bbox 238 3149 323 3210; x_wconf 77' lang='lat' dir='ltr'><strong>Lyc.“</strong></span> <span class='ocrx_word' id='word_1_239' title='bbox 339 3151 446 3220; x_wconf 83' lang='lat' dir='ltr'><strong>intellige</strong></span> <span class='ocrx_word' id='word_1_240' title='bbox 462 3167 515 3200; x_wconf 89' lang='lat' dir='ltr'><strong>cum</strong></span> <span class='ocrx_word' id='word_1_241' title='bbox 531 3157 672 3216; x_wconf 76' lang='lat' dir='ltr'><strong>argumenta</strong></span> <span class='ocrx_word' id='word_1_242' title='bbox 688 3166 750 3214; x_wconf 87' lang='lat' dir='ltr'><strong>quae</strong></span> <span class='ocrx_word' id='word_1_243' title='bbox 766 3151 921 3201; x_wconf 84' lang='lat' dir='ltr'><strong>Archilochus</strong></span> <span class='ocrx_word' id='word_1_244' title='bbox 937 3150 1065 3207; x_wconf 86' lang='lat' dir='ltr'><strong>tractavit,</strong></span> <span class='ocrx_word' id='word_1_245' title='bbox 1082 3154 1132 3197; x_wconf 90' lang='lat' dir='ltr'><strong>tum</strong></span> <span class='ocrx_word' id='word_1_246' title='bbox 1150 3162 1180 3196; x_wconf 88' lang='lat' dir='ltr'><strong>ca</strong></span> 
     </span>
     <span class='ocr_line' id='line_1_35' title="bbox 194 3215 1178 3280; baseline -0.002 -16"><span class='ocrx_word' id='word_1_247' title='bbox 194 3217 221 3264; x_wconf 89' lang='lat' dir='ltr'><strong>in</strong></span> <span class='ocrx_word' id='word_1_248' title='bbox 238 3216 322 3277; x_wconf 89' lang='lat' dir='ltr'><strong>quibus</strong></span> <span class='ocrx_word' id='word_1_249' title='bbox 338 3215 477 3277; x_wconf 81' lang='lat' dir='ltr'><strong>Lycamben</strong></span> <span class='ocrx_word' id='word_1_250' title='bbox 493 3219 617 3280; x_wconf 82' lang='lat' dir='ltr'><strong>proscidit.</strong></span> <span class='ocrx_word' id='word_1_251' title='bbox 649 3219 795 3268; x_wconf 86' lang='lat' dir='ltr'><strong>Imitatorem</strong></span> <span class='ocrx_word' id='word_1_252' title='bbox 812 3219 886 3279; x_wconf 79' lang='lat' dir='ltr'><strong>igitur</strong></span> <span class='ocrx_word' id='word_1_253' title='bbox 902 3229 929 3263; x_wconf 91' lang='lat' dir='ltr'><strong>se</strong></span> <span class='ocrx_word' id='word_1_254' title='bbox 946 3215 1020 3273; x_wconf 85' lang='lat' dir='ltr'><strong>dixit,</strong></span> <span class='ocrx_word' id='word_1_255' title='bbox 1037 3217 1178 3263; x_wconf 81' lang='grc'><strong>111111111-</strong></span> 
     </span>
     <span class='ocr_line' id='line_1_36' title="bbox 98 3281 1179 3346; baseline -0.001 -17"><span class='ocrx_word' id='word_1_256' title='bbox 98 3307 104 3317; x_wconf 79' lang='lat'><em>,</em></span> <span class='ocrx_word' id='word_1_257' title='bbox 195 3285 300 3346; x_wconf 86' lang='lat' dir='ltr'><strong>pretem,</strong></span> <span class='ocrx_word' id='word_1_258' title='bbox 325 3282 388 3342; x_wconf 90' lang='lat' dir='ltr'><strong>quod</strong></span> <span class='ocrx_word' id='word_1_259' title='bbox 409 3282 473 3331; x_wconf 84' lang='lat' dir='ltr'><strong>haud</strong></span> <span class='ocrx_word' id='word_1_260' title='bbox 490 3285 562 3332; x_wconf 89' lang='lat' dir='ltr'><strong>dubie</strong></span> <span class='ocrx_word' id='word_1_261' title='bbox 577 3286 687 3334; x_wconf 78' lang='lat' dir='ltr'><strong>malevoli</strong></span> <span class='ocrx_word' id='word_1_262' title='bbox 709 3286 815 3333; x_wconf 90' lang='lat' dir='ltr'><strong>homines</strong></span> <span class='ocrx_word' id='word_1_263' title='bbox 838 3283 1112 3344; x_wconf 63' lang='lat' dir='ltr'><strong>ipsiexprobraverant.</strong></span> <span class='ocrx_word' id='word_1_264' title='bbox 1145 3281 1179 3328; x_wconf 80' lang='lat' dir='ltr'><strong>Ac</strong></span> 
     </span>
    </p>
   </div>
   <div class='ocr_carea' id='block_1_11' title="bbox 193 3347 1179 3810">
    <p class='ocr_par' dir='ltr' id='par_1_19' title="bbox 193 3347 1179 3810">
     <span class='ocr_line' id='line_1_37' title="bbox 194 3347 1179 3412; baseline -0.004 -14"><span class='ocrx_word' id='word_1_265' title='bbox 194 3347 294 3410; x_wconf 88' lang='lat' dir='ltr'><strong>nequis</strong></span> <span class='ocrx_word' id='word_1_266' title='bbox 311 3347 336 3393; x_wconf 93' lang='lat' dir='ltr'><strong>id</strong></span> <span class='ocrx_word' id='word_1_267' title='bbox 352 3361 446 3409; x_wconf 88' lang='lat' dir='ltr'><strong>quoque</strong></span> <span class='ocrx_word' id='word_1_268' title='bbox 462 3350 508 3397; x_wconf 92' lang='lat' dir='ltr'><strong>sibi</strong></span> <span class='ocrx_word' id='word_1_269' title='bbox 526 3351 653 3412; x_wconf 90' lang='lat' dir='ltr'><strong>opprobrio</strong></span> <span class='ocrx_word' id='word_1_270' title='bbox 670 3351 769 3398; x_wconf 89' lang='lat' dir='ltr'><strong>daturus</strong></span> <span class='ocrx_word' id='word_1_271' title='bbox 786 3350 829 3406; x_wconf 86' lang='lat' dir='ltr'><strong>sit,</strong></span> <span class='ocrx_word' id='word_1_272' title='bbox 847 3347 911 3409; x_wconf 89' lang='lat' dir='ltr'><strong>quod</strong></span> <span class='ocrx_word' id='word_1_273' title='bbox 927 3348 1009 3396; x_wconf 89' lang='lat' dir='ltr'><strong>modos</strong></span> <span class='ocrx_word' id='word_1_274' title='bbox 1026 3351 1051 3395; x_wconf 86' lang='lat' dir='ltr'><strong>et</strong></span> <span class='ocrx_word' id='word_1_275' title='bbox 1067 3347 1179 3396; x_wconf 85' lang='lat' dir='ltr'><strong>carminis</strong></span> 
     </span>
     <span class='ocr_line' id='line_1_38' title="bbox 195 3411 1178 3476; baseline -0.002 -14"><span class='ocrx_word' id='word_1_276' title='bbox 195 3411 388 3476; x_wconf 87' lang='lat' dir='ltr'><strong>compositionem</strong></span> <span class='ocrx_word' id='word_1_277' title='bbox 404 3413 527 3462; x_wconf 89' lang='lat' dir='ltr'><strong>immutata</strong></span> <span class='ocrx_word' id='word_1_278' title='bbox 543 3417 681 3474; x_wconf 88' lang='lat' dir='ltr'><strong>retinuerit,</strong></span> <span class='ocrx_word' id='word_1_279' title='bbox 699 3415 809 3476; x_wconf 76' lang='lat' dir='ltr'><strong>egregios</strong></span> <span class='ocrx_word' id='word_1_280' title='bbox 826 3417 911 3476; x_wconf 88' lang='lat' dir='ltr'><strong>poetas</strong></span> <span class='ocrx_word' id='word_1_281' title='bbox 928 3414 1078 3476; x_wconf 89' lang='lat' dir='ltr'><strong>Sapphonem</strong></span> <span class='ocrx_word' id='word_1_282' title='bbox 1095 3417 1120 3461; x_wconf 91' lang='lat' dir='ltr'><strong>ct</strong></span> <span class='ocrx_word' id='word_1_283' title='bbox 1135 3412 1178 3460; x_wconf 82' lang='lat' dir='ltr'><strong>Al-</strong></span> 
     </span>
     <span class='ocr_line' id='line_1_39' title="bbox 194 3479 1179 3542; baseline -0.004 -13"><span class='ocrx_word' id='word_1_284' title='bbox 194 3495 278 3530; x_wconf 85' lang='lat' dir='ltr'><strong>eaeum</strong></span> <span class='ocrx_word' id='word_1_285' title='bbox 294 3479 346 3542; x_wconf 87' lang='lat' dir='ltr'><strong>pari</strong></span> <span class='ocrx_word' id='word_1_286' title='bbox 361 3479 430 3527; x_wconf 92' lang='lat' dir='ltr'><strong>modo</strong></span> <span class='ocrx_word' id='word_1_287' title='bbox 446 3479 614 3528; x_wconf 85' lang='lat' dir='ltr'><strong>Archilochcos</strong></span> <span class='ocrx_word' id='word_1_288' title='bbox 636 3495 745 3528; x_wconf 89' lang='lat' dir='ltr'><strong>numeros</strong></span> <span class='ocrx_word' id='word_1_289' title='bbox 767 3483 887 3528; x_wconf 87' lang='lat' dir='ltr'><strong>mutuatos</strong></span> <span class='ocrx_word' id='word_1_290' title='bbox 911 3495 965 3528; x_wconf 89' lang='lat' dir='ltr'><strong>esse</strong></span> <span class='ocrx_word' id='word_1_291' title='bbox 987 3480 1085 3538; x_wconf 85' lang='lat' dir='ltr'><strong>scribit,</strong></span> <span class='ocrx_word' id='word_1_292' title='bbox 1109 3492 1179 3541; x_wconf 75' lang='lat' dir='ltr'><strong>spre-</strong></span> 
     </span>
     <span class='ocr_line' id='line_1_40' title="bbox 194 3545 1178 3608; baseline -0.004 -13"><span class='ocrx_word' id='word_1_293' title='bbox 194 3547 260 3596; x_wconf 82' lang='lat' dir='ltr'><strong>visse</strong></span> <span class='ocrx_word' id='word_1_294' title='bbox 276 3550 355 3594; x_wconf 87' lang='lat' dir='ltr'><strong>tamen</strong></span> <span class='ocrx_word' id='word_1_295' title='bbox 373 3545 478 3606; x_wconf 81' lang='lat' dir='ltr'><strong>eJusdem</strong></span> <span class='ocrx_word' id='word_1_296' title='bbox 494 3551 642 3607; x_wconf 80' lang='lat' dir='ltr'><strong>argumenta.</strong></span> <span class='ocrx_word' id='word_1_297' title='bbox 675 3545 779 3594; x_wconf 87' lang='lat' dir='ltr'><strong>Proinde</strong></span> <span class='ocrx_word' id='word_1_298' title='bbox 796 3560 840 3595; x_wconf 88' lang='lat' dir='ltr'><strong>neo</strong></span> <span class='ocrx_word' id='word_1_299' title='bbox 857 3563 884 3596; x_wconf 88' lang='lat' dir='ltr'><strong>se</strong></span> <span class='ocrx_word' id='word_1_300' title='bbox 907 3547 977 3608; x_wconf 87' lang='lat' dir='ltr'><strong>hujus</strong></span> <span class='ocrx_word' id='word_1_301' title='bbox 999 3547 1071 3593; x_wconf 91' lang='lat' dir='ltr'><strong>moris</strong></span> <span class='ocrx_word' id='word_1_302' title='bbox 1093 3545 1178 3606; x_wconf 91' lang='lat' dir='ltr'><strong>poeni·</strong></span> 
     </span>
     <span class='ocr_line' id='line_1_41' title="bbox 194 3611 1176 3677; baseline -0.003 -17"><span class='ocrx_word' id='word_1_303' title='bbox 194 3616 255 3671; x_wconf 88' lang='lat' dir='ltr'><strong>tere,</strong></span> <span class='ocrx_word' id='word_1_304' title='bbox 272 3627 318 3661; x_wconf 89' lang='lat' dir='ltr'><strong>nee</strong></span> <span class='ocrx_word' id='word_1_305' title='bbox 332 3611 462 3661; x_wconf 88' lang='lat' dir='ltr'><strong>verendum</strong></span> <span class='ocrx_word' id='word_1_306' title='bbox 479 3612 525 3659; x_wconf 91' lang='lat' dir='ltr'><strong>sibi</strong></span> <span class='ocrx_word' id='word_1_307' title='bbox 543 3627 609 3671; x_wconf 89' lang='lat' dir='ltr'><strong>esse,</strong></span> <span class='ocrx_word' id='word_1_308' title='bbox 626 3626 658 3660; x_wconf 88' lang='lat' dir='ltr'><strong>ne</strong></span> <span class='ocrx_word' id='word_1_309' title='bbox 673 3626 720 3660; x_wconf 90' lang='lat' dir='ltr'><strong>non</strong></span> <span class='ocrx_word' id='word_1_310' title='bbox 736 3613 812 3661; x_wconf 88' lang='lat' dir='ltr'><strong>libera</strong></span> <span class='ocrx_word' id='word_1_311' title='bbox 828 3629 872 3677; x_wconf 87' lang='lat' dir='ltr'><strong>per</strong></span> <span class='ocrx_word' id='word_1_312' title='bbox 888 3626 990 3662; x_wconf 84' lang='lat' dir='ltr'><strong>vacuum</strong></span> <span class='ocrx_word' id='word_1_313' title='bbox 1006 3612 1116 3674; x_wconf 88' lang='lat' dir='ltr'><strong>posuisse</strong></span> <span class='ocrx_word' id='word_1_314' title='bbox 1132 3625 1176 3658; x_wconf 79' lang='lat' dir='ltr'><strong>ve-</strong></span> 
     </span>
     <span class='ocr_line' id='line_1_42' title="bbox 193 3677 1176 3742; baseline -0.002 -16"><span class='ocrx_word' id='word_1_315' title='bbox 193 3679 267 3740; x_wconf 75' lang='lat' dir='ltr'><strong>stigia</strong></span> <span class='ocrx_word' id='word_1_316' title='bbox 281 3679 393 3742; x_wconf 88' lang='lat' dir='ltr'><strong>princeps</strong></span> <span class='ocrx_word' id='word_1_317' title='bbox 409 3677 528 3727; x_wconf 84' lang='lat' dir='ltr'><strong>videatur.</strong></span> <span class='ocrx_word' id='word_1_318' title='bbox 562 3678 600 3728; x_wconf 85' lang='lat' dir='ltr'><strong>Cl.</strong></span> <span class='ocrx_word' id='word_1_319' title='bbox 623 3677 701 3726; x_wconf 86' lang='lat' dir='ltr'><strong>ilenti.</strong></span> <span class='ocrx_word' id='word_1_320' title='bbox 723 3678 792 3728; x_wconf 87' lang='lat' dir='ltr'><strong>adh.</strong></span> <span class='ocrx_word' id='word_1_321' title='bbox 809 3681 826 3728; x_wconf 94' lang='lat' dir='ltr'><strong>l.</strong></span> <span class='ocrx_word' id='word_1_322' title='bbox 848 3678 1008 3739; x_wconf 72' lang='grc'><strong>1181111111,</strong></span> <span class='ocrx_word' id='word_1_323' title='bbox 1025 3677 1176 3728; x_wconf 72' lang='lat' dir='ltr'><strong>motarent.</strong></span> 
     </span>
     <span class='ocr_line' id='line_1_43' title="bbox 194 3742 738 3810; baseline 0 -16"><span class='ocrx_word' id='word_1_324' title='bbox 194 3743 283 3795; x_wconf 84' lang='lat' dir='ltr'><strong>Venus.</strong></span> <span class='ocrx_word' id='word_1_325' title='bbox 300 3759 355 3810; x_wconf 75' lang='lat' dir='ltr'><strong>pag.</strong></span> <span class='ocrx_word' id='word_1_326' title='bbox 372 3744 420 3806; x_wconf 72' lang='grc'><strong>16,</strong></span> <span class='ocrx_word' id='word_1_327' title='bbox 436 3745 538 3795; x_wconf 85' lang='lat' dir='ltr'><strong>Passou.</strong></span> <span class='ocrx_word' id='word_1_328' title='bbox 553 3745 597 3795; x_wconf 83' lang='lat' dir='ltr'><strong>uit.</strong></span> <span class='ocrx_word' id='word_1_329' title='bbox 613 3747 663 3794; x_wconf 90' lang='lat' dir='ltr'><strong>not.</strong></span> <span class='ocrx_word' id='word_1_330' title='bbox 678 3742 738 3808; x_wconf 63' lang='lat'><strong>1872</strong></span> 
     </span>
    </p>
   </div>
   <div class='ocr_carea' id='block_1_12' title="bbox 0 0 1400 4576">
    <p class='ocr_par' dir='ltr' id='par_1_20' title="bbox 0 0 1400 4576">
     <span class='ocr_line' id='line_1_44' title="bbox 0 0 1400 4576; baseline 0 5"><span class='ocrx_word' id='word_1_331' title='bbox 0 0 1400 4576; x_wconf 95' lang='lat' dir='ltr'><strong> </strong></span> 
     </span>
    </p>
   </div>
  </div>
 </body>
</html>
