2776 4582
609 221 901 348 --ιωιωΔ

222 450 338 525 piarat,
357 461 411 508 nee
429 445 530 506 mirari
549 445 775 524 satisneqneb,
788 444 878 520 ‘quod
896 435 1073 506 emmena
1092 447 1125 504 in
1142 445 1212 519 My-

220 542 291 604 tbol.
309 539 365 597 vol.
385 538 408 596 Ι,
428 555 459 614 p.
478 539 534 596 343
553 555 596 612 sq.
615 540 775 612 praeeunte
794 537 888 596 Sebol.
907 535 1026 596 Acrone
1044 531 1107 617 (ad.
1122 555 1150 597 v.
1166 539 1209 596 1.=

222 646 297 708 3¹‚per
320 630 487 701 allegoriam
512 629 571 686 ede·
593 630 651 688 ista
674 626 782 686 bellum
797 628 948 700 'signifieat
971 629 1071 704 civile,
1094 630 1130 686 iu
1153 644 1211 703 qua

220 719 339 795 qnidam
356 721 472 796 velunt,
493 719 570 796 quod
587 723 705 777 moneat
721 719 936 794 rempublicam.
974 719 1089 798 Gertins
1113 723 1212 788 temen

220 815 283 887 est,
307 811 386 884 qnod
410 811 486 868 Sext
513 811 696 888 Pompejum,
720 809 851 885 Pompeji
874 811 977 888 lilium,
998 813 1130 887 moneat,
1150 811 1211 888 qui,

100 941 107 950 .
220 905 411 976 posteaquam
444 901 547 960 foedus
581 919 646 960 cum
674 902 845 960 'triumviris
873 903 957 978 iecit,
987 901 1095 958 bellum
1125 901 1211 959 civile

220 993 317 1052 denuo
334 1009 470 1066 reparare
488 994 609 1052 voluit.'⁷
645 994 744 1052 Aeron
769 992 808 1050 ad
823 1009 862 1052 :a
889 992 933 1050 ll.
951 995 1210 1066 Pentea'ptnee.

115 1115 116 1126 .
222 1101 278 1161 „ae
297 1083 323 1140 si
341 1083 451 1141 diecret
468 1099 590 1156 magnae
608 1084 729 1156 originis
755 1086 785 1141 et
802 1083 979 1161 nobilitatis,
1004 1083 1058 1140 sed
1081 1099 1135 1157 per
1152 1099 1212 1140 me·

220 1175 374 1249 tupberem
392 1178 443 1232 aut
460 1176 669 1249 rempublicam
687 1175 842 1249 alloquitur
860 1178 911 1231 aut
930 1175 1064 1232 cassium
1082 1177 1112 1231 et
1129 1175 1214 1231 Pom*

220 1265 334 1342 pojum,
353 1267 435 1338 eujus
453 1257 538 1340 pater
556 1267 593 1324 de
611 1266 780 1324 Mithridate
790 1266 911 1324 Pontiae
923 1258 1138 1346 triumphavit.)
1157 1265 1212 1322 hoe
1332 1315 1334 1317 ,

220 1349 399 1432 poematium
417 1358 456 1415 ad
473 1359 544 1416 San.
563 1357 742 1432 Pompeium
764 1357 873 1416 bellum
896 1357 1049 1432 piraticum
1071 1371 1213 1414 renovan-

181 1471 190 1482 ’
220 1451 282 1506 tem
299 1450 414 1526 retulit,
438 1461 620 1524 navem²pro
643 1451 708 1524 ipse
732 1448 870 1522 Pompejo
889 1447 1015 1521 positam
1033 1463 1098 1506 esse
1115 1445 1212 1504 ratus!

126 1574 145 1595 f
222 1539 305 1606 Quae
324 1540 454 1614 opinatio
473 1540 572 1596 arrisit
589 1539 727 1598 Passovie
746 1534 819 1620 (vit.
839 1541 904 1596 not.
920 1537 1006 1620 tn),
1025 1539 1214 1597 vehementer

108 1674 125 1690 -.
222 1633 321 1690 autem
340 1630 488 1704 displicuit
506 1629 666 1688 Kirebnere
679 1627 819 1712 (quaest.
839 1641 868 1704 p.
887 1631 933 1687 22.
954 1625 1080 1711 §.,ll.).
1118 1623 1213 1702 Multo

222 1721 402 1795 probabilius
433 1721 481 1778 bic
512 1724 544 1778 et
570 1722 675 1796 reliqui
705 1722 881 1797 interpretes
912 1716 1011 1804 (tani,
1042 1721 1213 1799 Mitsebsrl,

222 1810 372 1889 Deering.,
385 1807 554 1893 evanderb.)
572 1812 658 1870 odam
677 1829 704 1882 a.
717 1814 782 1872 722.
801 1814 850 1872 vel
867 1814 931 1871 723.
950 1817 1044 1871 ortam
1062 1829 1127 1871 esse
1146 1819 1215 1870 een·

219 1899 367 1978 jecerunt,
387 1919 452 1960 eum
469 1898 638 1961 iuirnicitiae
656 1905 734 1963 inter
752 1907 942 1984 Oetayianum
960 1910 991 1964 et
1002 1906 1044 1964 M.
1057 1903 1215 1962 Antonium

223 1995 338 2050 coortae
357 1994 568 2053 anneissimam
585 1995 693 2053 bellum
710 1997 926 2071 portenderent.
964 1998 1077 2065 Quibus
1090 2013 1145 2070 ege
1156 2011 1217 2052 non

224 2084 388 2142 dubitarem
406 2086 560 2164 accedere,
574 2087 644 2144 nisi
668 2105 715 2145 me
727 2088 1113 2163 magnopereeffenderet,
1138 2085 1217 2162 qued

224 2175 364 2233 Horatius
383 2177 506 2234 obseura
524 2179 649 2252 quadam
668 2181 821 2255 allegetis,
845 2175 905 2236 non
923 2178 1032 2234 diserte
1049 2177 1127 2234 bella
1146 2177 1218 2235 eivi-

223 2265 264 2322 lio
282 2264 428 2324 dissuasit.
468 2268 577 2336 Quidni
595 2270 672 2326 enim
689 2269 780 2349 libere
800 2270 930 2327 elocutus
948 2269 1037 2327 tuerit
1054 2267 1133 2341 quod
1150 2284 1216 2324 sen-

226 2354 281 2433 sit,
300 2359 334 2412 ut
351 2357 420 2414 tecit
438 2358 469 2414 in
488 2361 572 2434 epod
592 2361 620 2418 7·
641 2359 733 2438 „Qvo
758 2377 818 2436 pue
842 2353 958 2420 scelesti
981 2360 1087 2420 ntitid’
1113 2359 1217 2416 eadem

120 2521 130 2542 .
225 2449 321 2504 aetate
340 2446 480 2522 seriptot·
505 2452 663 2527 Reputanti
680 2452 800 2526 insuper
818 2453 905 2529 mibi,
929 2452 1041 2510 nullum
1065 2466 1131 2509 esse
1155 2465 1219 2508 ean·-¹

225 2553 292 2596 rnen
309 2535 455 2619 [inerms
465 2543 543 2617 qued
561 2543 712 2602 evidenter
723 2545 919 2604 evincesante
931 2552 1059 2619 pugnam
1070 2537 1218 2601 Actiacam

212 2631 333 2690 .netum
357 2647 438 2710 esse,
463 2639 546 2693 extra
570 2650 685 2692 emnem
709 2636 920 2695 dubitationem
944 2638 1075 2711 positum
1091 2634 1221 2708 videtur‚'

227 2722 259 2776 et
282 2720 420 2792 singulari
445 2724 484 2780 de·
506 2727 785 2785 causes-Horatium
809 2729 947 2801 allegoria
971 2739 1058 2796 usum
1080 2739 1161 2799 “⁸02
1186 2726 1218 2802 0²
1312 2747 1319 2763 “

227 2810 285 2868 alia
303 2813 433 2885 eclogam
450 2817 601 2874 eeeasieue
620 2821 707 2892 atque
725 2819 813 2890 vulgo
837 2823 956 2894 putetur
980 2817 1010 2870 et
1028 2812 1146 2888 quidem
1164 2813 1218 2870 nli·

227 2907 341 2976 quante
354 2907 515 2979 posteriore
534 2898 665 2983 tempore
684 2909 822 2984 scriptam
833 2919 913 2966 esse.
945 2907 1102 2963 Pateseuut
1119 2907 1220 2962 sutem

227 2996 325 3052 emnia
341 2999 374 3054 et
392 2995 550 3056 clarissima
573 3000 760 3058 effunduntur
777 3001 859 3078 luce,
883 2999 910 3059 si
933 2997 1116 3069 ingeniosam
1137 2999 1217 3055 ibr-

227 3089 316 3144 rem'i
332 3089 526 3162 eeujeeturam
545 3085 656 3173 (etiam
674 3093 811 3149 Messene
830 3093 882 3149 vit.
901 3090 971 3146 llor.
991 3106 1020 3163 p.
1040 3089 1103 3166 684
1129 3088 1223 3146 Sanu-¹

229 3175 306 3236 deuo
324 3181 355 3235 et
374 3181 541 3239 Gretelend.
561 3199 590 3258 p.
611 3171 675 3241 466.
695 3184 724 3242 b.
743 3174 911 3260 probatam)
931 3180 1078 3256 sequaris,
1104 3194 1142 3236 ex
1159 3194 1217 3252 qua

229 3282 346 3328 tarmen
363 3271 401 3328 ad
419 3273 451 3329 id
469 3277 583 3347 tempus
601 3278 741 3352 refertm,
761 3289 818 3349 que
830 3273 978 3342 Augustus
998 3272 1034 3328 de
1052 3268 1223 3344 principatu

163 3401 165 3406 .
229 3358 400 3434 deponendo
420 3363 599 3421 deliberabat
617 3363 750 3445 (Sueten.
763 3364 838 3433 Aug.
852 3357 925 3443 28.).
963 3353 1224 3421 renmsum'erac

228 3450 366 3528 Horatio,
381 3466 467 3511 ‘nova
490 3456 566 3512 mala
591 3447 621 3512 e't
645 3456 722 3512 belle
745 3451 1010 3512 eivilia'imminere
1027 3450 1235 3528 reipublieae,'-
1268 3447 1270 3452 ’

193 3603 197 3612 ,
230 3542 256 3598 si
274 3544 387 3616 petenti
398 3545 528 3618 principe
540 3545 707 3620 orbaretur3
725 3525 847 3601 neveram
864 3548 1071 3604 Maecenatem
1087 3543 1122 3600 tn
1139 3549 1216 3600 eru-
1288 3570 1290 3574 ·

227 3635 324 3710 aeta,
341 3649 436 3712 wem
452 3634 623 3710 omem
643 3641 679 3693 er
702 3633 873 3710 noemma
898 3641 941 3694 aa
963 3623 1216 3706 neomeniae-

229 3729 365 3785 Μάνη
376 3728 596 3803 adimeretur,
613 3728 830 3800 rempublicam
841 3738 1035 3798 temperasse
1045 3726 1222 3784 commovi:

177 3817 201 3832 ‘¹
227 3814 310 3886 aare
327 3813 458 3880 mmet
483 3817 509 3876 si
533 3817 651 3894 etipse
676 3818 849 3916 septennem
873 3831 972 3896 suam,
998 3831 1074 3894 quas
1097 3815 1223 3893 penitas·
