2760 4588
611 323 819 390 -214-
936 267 939 271 Δ

222 484 402 562 καλούμενον
425 481 603 561 Αὔγουστον
627 483 847 564 ἀντωνόμασε.
869 488 931 548 τῶν
953 483 1012 568 γὰρ
1037 485 1137 548 ἄλλων
1161 487 1213 549 τὸν

222 575 426 658 Σεπτεμβρεον
444 573 553 648 οὕτως,
572 572 730 660 ἐπειδήπερ
749 574 780 639 ἐν
798 575 1074 656 αὐτῷ’ἓγεγὲενητο,
1093 595 1214 659 προσα-

223 666 363 747 γορεῦσαι
380 661 600 742 ἐθελησάντων,
620 664 726 728 ἐκεῖνον
744 666 834 742 αὐτὸς
857 675 1067 752 προετίμησεν,
1093 668 1141 730 ὅτε
1163 673 1214 730 καῖ

223 752 386 828 cirotecis
404 755 488 835 αὐτῷ
504 755 672 838 τὸπρῶτον
690 755 887 832 ἀπεδέδεικτο,
906 764 968 820 καὶ
984 765 1107 839 μάχας
1124 761 1214 820 πολ-

223 845 290 918 λὰς
307 850 368 907 aui
385 846 790 925 μεγάλαςένενικήκεε.
808 846 1114 929 &reposcerentur
1125 847 1215 927 ireo-

224 934 345 1020 potire.)
389 939 468 1007 Quid
491 940 570 1014 quod
593 956 631 998 ne
657 941 719 1000 dies
745 943 863 1016 quidem
886 939 1056 1015 ignoraturi
1097 943 1214 1002 Etenim

223 1030 440 1092 manneae
455 1035 644 1108 ecpaqnacio
661 1049 721 1090 non
739 1036 832 1091 solum
850 1034 887 1091 ab
905 1034 1012 1094 Orocio
1029 1034 1094 1091 libr.
1106 1034 1135 1090 6.
1148 1051 1212 1109 cap.

226 1121 270 1179 19.
291 1120 329 1178 ad
346 1123 418 1181 Kal.
435 1123 540 1180 Secedi.
557 1125 698 1201 refertur,
724 1124 777 1181 sed
796 1126 892 1183 eidem
908 1125 1004 1182 etiam
1017 1124 1077 1182 diei
1094 1125 1126 1180 in
1143 1125 1214 1183 Ku-

225 1199 536 1274 tcauaeo'nmsaono
555 1207 701 1289 (Claudii.
717 1215 787 1290 imp.
812 1211 942 1289 tempore
960 1218 994 1272 ut
1011 1215 1128 1272 videtur
1146 1231 1215 1272 con·

198 1337 199 1342 κ
224 1295 482 1379 leoto)·adscripta
501 1305 546 1360 cst
564 1303 611 1360 his
629 1305 726 1363 verbis
745 1300 798 1388 (cs.
817 1306 919 1364 Orellii
936 1306 1021 1368 inser.
1039 1305 1089 1362 lai.
1108 1306 1163 1363 vol
1174 1307 1225 1364 11.·

224 1409 255 1468 p·
274 1393 338 1455 397.
376 1393 478 1454 ldeler.
498 1391 531 1454 in
548 1393 711 1470 Handbueh
729 1397 783 1456 der
802 1397 935 1476 chronol
954 1397 1010 1454 vol.
1029 1396 1053 1454 1.
1066 1412 1095 1470 p.
1116 1391 1214 1478 153.)=

522 1579 720 1640 annnam.
746 1547 918 1641 enenpir.
1041 1563 1045 1569 ’

226 1672 406 1745 &amquam
421 1670 602 1728 “dubitaverit
619 1671 723 1746 aliquis
742 1671 797 1729 hae
815 1671 852 1728 de
870 1689 912 1730 rc.
950 1673 1025 1731 Nam
1043 1673 1069 1731 si
1089 1673 1214 1732 Dionem

225 1756 290 1842 (51,
310 1757 373 1843 19.)
392 1761 695 1837 audimus,'Aegyptii
713 1779 751 1820 ex
769 1761 886 1820 Patmm
904 1763 1076 1822 decretoab
1095 1782 1130 1823 eo
1148 1765 1214 1840 ipso

225 1851 285 1929 die,
304 1868 362 1927 quo
379 1852 558 1912 Alexandria
576 1855 661 1926 capta
679 1856 752 1930 erat,
771 1869 864 1911 annos
875 1855 1214 1927 Augustorumnumera·

225 1946 294 2014 runt
312 1938 436 2025 (τήνπε
452 1943 563 2026 ἡμέραν
580 1936 611 2000 ἒν
628 1930 650 2020 ᾖ
666 1942 683 2017 ἠ
704 1939 917 2026 Ἀλεξάνδρεια
936 1941 1025 2018 ἑάλω,
1043 1945 1164 2022 ἀγαθήν
1182 1965 1214 2006 τε

118 2078 121 2088 ,
226 2029 310 2106 εἶναι,
322 2038 372 2093 καὶ
380 2029 410 2106 ἒς
421 2030 458 2093 τὰ
471 2031 572 2091 ἔπειτα
584 2030 632 2106 ἔτη
645 2029 736 2112 ἀρχὴν
748 2035 799 2110 τῆς
810 2034 1152 2117 ἀπαριθμήσεωςαύεῶν
1163 2057 1215 2097 νε-

225 2121 403 2208 μίζεσθαε),
422 2128 453 2182 et
475 2125 637 2184 Censorino
656 2129 773 2184 auctore
792 2114 866 2209 (de'
878 2128 925 2184 die
943 2130 1003 2185 nat.
1020 2123 1091 2207 21.)
1117 2129 1154 2186 ab
1179 2147 1215 2186 eo

106 2259 129 2288 χ,
226 2220 372 2291 tempore,
396 2233 453 2291 quo
477 2217 510 2272 in
534 2216 674 2273 ditionem
697 2218 729 2274 P.-
754 2219 788 2274 R.
808 2220 956 2274 vcnerant.
992 2219 1057 2274 Jam
1076 2220 1215 2276 cumini-

225 2307 300 2364 tium
324 2323 409 2365 aerae
434 2309 632 2378 Augustorum
656 2308 852 2381 Aegyptiacae
876 2305 1012 2364 inciderit
1034 2307 1066 2363 in
1089 2309 1216 2382 primum

226 2399 304 2456 diem
322 2398 429 2457 mensis
448 2399 560 2475 Thoth,
586 2398 635 2472 qui
660 2415 686 2456 a.
710 2414 740 2454 u.
766 2415 790 2455 c.
808 2397 872 2454 724.
897 2397 953 2454 fuit
969 2397 1064 2472 pridie
1084 2400 1143 2457 Cal.
1164 2400 1216 2456 Se·

226 2490 366 2568 ptembr.,
385 2493 418 2546 ut
436 2490 596 2565 probarunt
613 2489 781 2560 chronologi
800 2483 852 2570 (cl.
871 2489 975 2546 ldeler.
993 2490 1013 2546 l.
1031 2489 1051 2547 l.
1070 2507 1098 2564 p.
1119 2486 1218 2572 154.)=

226 2583 403 2640 Alexandria
427 2583 483 2641 hoc
509 2582 607 2656 potius
635 2580 682 2636 die
712 2583 878 2653 expugnata
906 2597 971 2638 esse
994 2581 1088 2654 possit
1112 2581 1232 2640 videri.v

225 2674 267 2730 At
285 2688 354 2728 vero
373 2671 572 2743 hujuscemodi
590 2671 733 2728 rationem
751 2671 853 2727 falsam
878 2688 942 2728 esse
966 2688 1061 2745 neque
1079 2672 1122 2730 ita
1140 2689 1216 2730 com·

226 2765 374 2840 paratam,
398 2766 433 2819 ut
452 2763 518 2834 jure
544 2761 674 2836 quodam.
695 2760 890 2836 antiquissimi
914 2761 1019 2836 lapidis
1043 2761 1129 2819 tidem
1148 2779 1215 2820 con·

226 2859 355 2933 temnas,
385 2853 464 2912 facili
491 2853 577 2910 modo
602 2852 752 2909 evincitur.
793 2853 869 2912 Nam
882 2853 1050 2926 Aegyptum
1068 2853 1216 2913 subactam

210 2963 296 3026 lesse
310 2947 419 3003 Romae
435 2945 496 3016 jam
513 2943 556 3001 ld.
575 2943 733 3016 Septembr.
753 2943 896 3000 anni72l.
906 2944 1057 3001 constabat
1066 2939 1118 3025 (ci
1129 2945 1176 3002 od.
1187 2946 1214 3022 1,

226 3038 275 3093 37.
291 3054 321 3111 p.
334 3037 396 3094 170.
408 3040 438 3093 et
455 3035 545 3094 Mass.
563 3037 630 3094 Jan.
642 3036 732 3091 tres.
745 3050 811 3106 pag.
826 3028 917 3116 lea),
936 3035 977 3091 ita
990 3038 1032 3111 ut,
1052 3035 1077 3092 si
1088 3035 1215 3093 Alexan-

227 3127 291 3184 dria
315 3131 439 3185 exeunte
462 3143 562 3185 mense
588 3127 665 3184 Sext.
692 3129 776 3199 capta
795 3130 883 3202 esset,
906 3126 1025 3182 nuntius
1049 3126 1104 3183 hac
1129 3126 1164 3182 de
1182 3144 1215 3184 re

225 3219 294 3292 post
309 3218 540 3292 quattuordecim
558 3217 621 3274 dies
639 3217 676 3274 ab
691 3217 827 3291 Aegypto
843 3218 965 3275 Romam
983 3219 1060 3274 essct
1078 3217 1213 3290 perlatus.

225 3309 289 3368 Hoc
307 3325 377 3365 vero
396 3311 534 3384 temporis
554 3308 649 3384 spatio
667 3308 699 3365 id
717 3309 781 3365 lieri
799 3308 944 3384 potuisse,
970 3307 1111 3381 siquidem
1128 3307 1215 3364 nimis

225 3400 344 3472 longum
368 3401 479 3457 saeviat
501 3402 579 3458 inter
601 3400 769 3472 Aegyptum
794 3402 824 3454 et
850 3398 964 3456 Italiam
987 3403 1108 3475 pontus,
1134 3401 1216 3455 recte

226 3491 345 3565 negavit
362 3489 489 3546 Messon.
508 3491 528 3547 l.
548 3492 585 3566 1.,
603 3491 743 3546 Acastum
761 3489 992 3548 animadvertens
1011 3506 1069 3548 nno
1088 3491 1118 3546 et
1135 3487 1216 3560 vige-

226 3585 300 3641 simo
320 3582 367 3639 die
392 3583 490 3640 Roma
514 3580 648 3639 Athenas
670 3579 801 3656 venisse,
827 3581 883 3639 etsi
906 3584 1022 3638 strenue
1036 3581 1097 3637 iter
1114 3579 1217 3636 iecerit

227 3671 304 3752 (Cic.
323 3674 363 3730 ad
381 3674 447 3730 iana
467 3671 513 3746 14,
533 3664 594 3750 5.),
615 3672 644 3726 et
662 3671 751 3728 alium
762 3672 861 3729 nescio
873 3688 959 3745 quem
971 3671 1101 3732 Seleucia
1113 3670 1216 3742 Syriae

226 3783 258 3822 se
277 3765 324 3823 28.
344 3763 391 3822 die
410 3760 596 3822 Brundisium
615 3763 769 3821 contulisse
779 3758 864 3839 (Cic.
885 3756 1217 3840 adnttic.11,2o).-
1237 3779 1251 3840 j

224 3856 335 3934 ltaque
352 3853 558 3916 Alexandriam
577 3853 640 3926 jam
664 3857 731 3912 ante
756 3853 784 3912 d.
809 3853 871 3912 1v.·
885 3852 945 3912 Gal.
965 3852 1043 3928 Sept.
1069 3867 1215 3927 expugna·
