2792 4576
636 287 841 356 ..20-

245 453 464 532 quambrevtter
470 451 553 529 dixit,
565 452 965 526 poesisstudiumetamorem
979 453 1135 526 primum
1153 455 1230 512 exci-

243 547 328 623 tavit,
348 545 401 603 sed
418 542 450 603 id
461 545 573 600 tantum
586 542 691 621 effecit,
709 547 752 620 ut,
766 543 813 601 cui
828 543 884 600 arti
897 539 987 600 animi
998 559 1101 602 caussa
1117 541 1231 618 pridem

244 637 367 696 indulsit
384 633 536 711 privatim,
557 651 624 693 eam
637 633 699 705 jam
716 635 749 690 in
765 648 798 690 re
818 631 940 689 adversa
957 632 1065 704 majore
1084 635 1181 692 studio
1199 639 1230 694 et

172 728 177 738 '
243 727 419 803 impensiore
438 741 527 798 opera
544 727 641 798 palam
658 723 814 781 excrearet.
859 721 931 787 Quis
944 724 1022 781 enim
1033 741 1087 797 pro
1098 725 1228 800 ipsorum

243 818 473 876 rudimentorum
497 815 618 872 edificio
642 812 799 870 verisimile
824 811 901 869 dicat
921 817 972 871 ant
989 815 1105 886 ingenio
1123 819 1228 891 poetae

234 909 377 983 'dignum
397 906 423 964 si
442 907 628 963 statuerimus
653 919 720 960 eum
738 906 800 960 tum
817 904 942 977 primum
960 909 1095 980 poemata
1111 908 1227 982 iecisse,

243 1014 330 1072 quem
354 997 392 1054 ad
416 996 518 1070 poesin
542 999 603 1053 tam
622 975 780 1076 prbcliycm
797 995 886 1052 tuisse
905 998 992 1070 atque
1010 996 1042 1054 in
1065 998 1161 1071 poetis
1185 997 1228 1054 ita

242 1089 391 1148 habitasse
414 1086 564 1161 novimus,
583 1087 617 1142 ut
633 1085 681 1141 uel
698 1099 818 1154 graecos
833 1101 934 1144 versus
953 1087 1086 1146 tunderet
1103 1082 1178 1170 (Sat.
1199 1087 1227 1164 1,

243 1181 287 1238 lt).
300 1172 379 1259 ib),
399 1191 464 1234 cum
472 1176 602 1233 Romana
613 1175 749 1232 utebatur
767 1171 938 1251 discipliuat
977 1178 1072 1254 Quare
1092 1183 1122 1236 et
1133 1177 1228 1237 Plauti

239 1269 312 1329 illud
336 1261 440 1349 (Stich.
462 1268 495 1344 1,
515 1267 541 1323 3.
562 1261 641 1348 24.)=
662 1265 839 1341 „Paupertas
864 1281 963 1324 omues
987 1269 1065 1324 artes
1089 1269 1227 1341 perdocet

216 1381 217 1385 ¹
239 1360 291 1419 ubi
309 1375 396 1435 quem
413 1358 530 1430 attingit
538 1354 568 1434 ,“
589 1359 619 1414 et
637 1356 714 1430 quod
726 1359 836 1415 Seneca
848 1358 917 1418 dicit
929 1351 1029 1439 (epist.
1044 1351 1106 1438 15.)
1125 1358 1226 1436 „Quos

239 1469 316 1511 nova
343 1451 464 1509 artificia
493 1451 583 1505 fames
616 1445 751 1524 docuit,“
782 1451 812 1504 et
838 1449 866 1505 si
896 1463 953 1522 qua
986 1449 1043 1512 alia
1070 1448 1228 1506 afferuntur

145 1564 147 1571 ·
240 1541 283 1623 (a
303 1529 614 1613 accenseamus,
634 1537 679 1592 24.
692 1537 738 1594 su.
757 1538 881 1594 souma
902 1538 940 1595 aa
959 1539 1042 1612 episc
1062 1538 1091 1615 2,
1110 1537 1137 1594 2.
1151 1534 1224 1620 aa),

238 1635 281 1691 ita
299 1633 411 1688 tautum
428 1629 460 1685 in
477 1626 591 1686 Horatii
609 1629 810 1702 paupertatem
831 1628 937 1685 cadunt
949 1622 1011 1709 ⁸¹),
1030 1630 1171 1704 quatenus
1190 1645 1235 1686 aa.

238 1723 278 1782 ad
300 1735 405 1778 novam
430 1721 460 1775 ot
484 1717 659 1790 singularem
682 1719 780 1792 poesis
805 1718 932 1793 speciem
961 1719 1168 1793 procreandam
1195 1721 1226 1776 et

123 1852 125 1856 -
238 1808 470 1872 conformandam
489 1809 653 1882 compulsus
672 1809 877 1866 etsumulatus
890 1812 943 1867 est.
980 1810 1027 1869 Ita
1043 1813 1145 1885 sponte
1159 1825 1224 1884 per·

237 1905 368 1964 venimus
393 1899 431 1958 ad
454 1899 596 1973 primitias
623 1900 799 1956 Horatianus
826 1899 932 1972 poesis.
975 1901 1108 1976 Abrupta
1136 1901 1230 1972 igitur,

237 1997 315 2053 vitae
341 1989 496 2064 mequod
519 1990 651 2046 nevimus
679 1989 815 2048 continuo
838 1988 870 2045 in
897 1990 992 2062 ipsam
1022 1991 1224 2067 disputationis

238 2101 334 2145 arcem
351 2081 527 2140 invadamus
564 2081 631 2146 Qua
641 2081 672 2136 in
689 2097 722 2138 rc
734 2096 800 2138 cum
811 2079 909 2154 multa,
930 2095 1003 2152 quae
1022 2081 1097 2138 intra
1110 2083 1224 2140 demum

237 2173 450 2250 probabuntur,
486 2173 747 2244 praeoccupaturos
778 2170 849 2245 sim,
885 2169 1057 2227 benevolum
1086 2170 1223 2228 lectorem

188 2251 191 2258 ¹
237 2266 377 2324 monitum
395 2265 582 2334 rogatumque
607 2261 709 2337 velim,
734 2262 783 2336 ut,
808 2261 962 2332 autequam
981 2261 1141 2316 commenta
1160 2276 1222 2316 cre·

237 2360 304 2434 pet,
323 2367 396 2430 quaa
411 2351 499 2423 jnstis
517 2351 549 2407 iu
571 2349 667 2424 priore
692 2353 774 2424 parte
794 2347 932 2408 destituta
950 2352 1018 2408 suut
1035 2349 1221 2427 argumentis,

238 2449 358 2508 alteram
375 2443 518 2518 inspicere
537 2455 574 2498 ua
594 2438 772 2514 dedignetur.

303 2655 348 2714 tt)
366 2653 516 2718 Supersedeo
539 2667 620 2702 eorum
636 2653 786 2716 opinationes
809 2653 929 2713 refutare,
957 2651 997 2715 qni
1012 2651 1149 2712 Horatium,
1180 2655 1222 2701 aut

234 2723 264 2773 at
279 2721 356 2770 ritant
372 2722 519 2767 conmutaret
534 2724 577 2768 aut
593 2721 621 2767 nt
636 2720 798 2768 innotesceret
814 2724 839 2768 et
854 2721 880 2768 in
891 2720 1024 2786 potentium
1035 2719 1152 2768 bominum
1162 2733 1221 2780 gra-

236 2788 295 2836 tiam
310 2801 338 2835 se
354 2785 493 2844 insinuaret,
510 2786 610 2846 primum
626 2799 712 2834 versus
728 2785 816 2834 iecisse
832 2787 878 2834 sibi
895 2789 1074 2849 persuaserunt.
1102 2785 1221 2834 Neutrum

235 2852 290 2904 fleri
305 2851 384 2917 potuit
400 2851 494 2899 acerbis
509 2849 557 2898 illis
569 2854 595 2898 et
606 2850 782 2899 contumeliosis
793 2853 919 2913 poematis,
935 2851 1021 2912 quibus
1032 2854 1125 2899 tautum
1135 2852 1221 2901 aberat

235 2924 263 2969 ut
279 2919 379 2969 divitias
395 2916 541 2980 aliorumque
557 2915 665 2966 favorem
683 2917 729 2964 sibi
746 2920 907 2980 compararet,
924 2919 952 2963 ut
967 2917 1119 2977 inimicitias,
1136 2919 1220 2966 simul-

235 2989 315 3045 tates,
344 2984 408 3034 odia.
451 2981 484 3034 Et
501 2996 553 3031 cum
570 2997 615 3032 uec
631 2983 661 3030 de
678 2984 801 3032 Sosiorum
823 2982 935 3046 praemiis
957 2982 999 3029 illa
1014 2987 1096 3034 aetate
1117 2985 1220 3046 ¹cogitari

235 3052 313 3115 possit
330 3051 450 3112 (Passer.
471 3051 516 3100 vit.
532 3052 582 3098 uot.
600 3049 656 3099 1111.
674 3063 697 3112 p.
715 3050 781 3114 td),
798 3064 843 3098 uec
859 3048 952 3096 omuino
968 3046 1084 3098 Horatius
1101 3052 1131 3099 ab
1150 3051 1220 3099 initio

235 3120 347 3180 poemata
363 3118 450 3181 publici
465 3117 528 3179 juris
545 3116 626 3166 iacere
642 3116 746 3164 voluerit
762 3116 832 3175 (Sat.
849 3114 873 3173 1,
890 3114 914 3162 4.
932 3113 1006 3177 ib),
1023 3117 1089 3178 prior
1105 3117 1145 3164 llla
1162 3131 1219 3164 sen-

235 3183 314 3232 tentia
329 3196 360 3230 ue
370 3184 443 3231 bitum
459 3184 553 3246 quidem
569 3181 746 3245 probabilitatis
762 3183 843 3230 habet.
876 3179 926 3228 Sed
938 3181 1015 3229 altera
1027 3195 1132 3244 queque,
1150 3194 1219 3244 quam

235 3248 299 3297 inter
319 3249 380 3296 alios
402 3249 532 3297 Weicbert.
554 3263 579 3310 p.
600 3261 620 3296 r.
637 3261 693 3310 pag.
710 3248 768 3298 itt.
791 3247 822 3294 de
838 3244 897 3294 Var.
919 3250 944 3295 et
961 3247 1031 3295 Cass.
1053 3260 1076 3308 p.
1094 3246 1133 3295 39.
1150 3245 1175 3307 §.
1193 3247 1217 3294 t.

236 3313 305 3363 Pasa.
322 3315 367 3362 vlt.
383 3317 433 3362 not.
446 3314 502 3364 104.
520 3317 545 3361 et
555 3313 649 3361 Grotel.
660 3327 684 3374 p.
697 3313 756 3362 lac.
773 3313 798 3360 b.
815 3312 1008 3370 sucurrerunt,
1024 3311 1048 3358 di
1081 3313 1145 3358 aest
1156 3325 1219 3371 quae

235 3379 349 3430 oblivioni
365 3378 443 3428 detur.
465 3381 526 3428 Rem
541 3393 587 3427 acu
603 3379 686 3438 tetigit
701 3377 825 3425 Kirobuer.
842 3378 866 3427 tu
883 3382 976 3442 quaest
992 3392 1015 3439 p.
1031 3374 1046 3424 1
1075 3390 1111 3438 sq.
1123 3379 1173 3423 not·
1184 3374 1217 3432 a,

237 3447 304 3510 cujus
319 3449 455 3495 accuratam
471 3443 658 3508 disputationem
673 3443 763 3504 legisse
778 3444 912 3507 poenitebit
927 3443 1052 3494 nemiuem.

1383 993 1389 1026 1
