2792 4576
608 317 814 382 ...ffi-

814 387 818 404 t

119 472 125 480 “
222 481 306 542 tatim
323 479 459 558 produnt.
486 477 604 543 Aaron:
623 481 761 559 „luniois
780 479 921 558 demissis,
940 479 1049 539 ntrsibi
1065 479 1203 564 honestus

222 575 364 634 videatur.
393 571 570 646 ,Composuit
588 577 685 631 autem
702 583 808 632 nomen
825 571 909 648 quasi
926 583 944 628 a
961 570 1120 648 μαλθακός
1130 572 1203 629 Mal·

222 665 330 723 thinus.
362 663 566 723 Maecenatem
583 668 696 739 tuopte:
712 664 859 723 radoosus
879 663 956 720 enlm
973 663 1037 739 snit,
1057 663 1205 723 delicatior

223 754 255 812 et
285 752 426 813 solutus.“
464 755 629 832 Porpupra
650 751 750 832 ·„Sub
781 750 915 812 Malthini
944 753 1058 810 nomine
1088 753 1205 828 quidam

222 845 422 903 Meooenatern
452 845 634 919 suspicantur
664 845 832 921 significari}
864 843 901 902 ab
931 859 963 901 re
987 845 1084 901 tamen
1106 845 1205 902 tinxit·
1270 887 1274 902 .
1378 805 1379 858 3

165 966 172 981 ·
221 931 381 1012 μαλθακὸς
399 934 477 994 enim
495 936 577 1010 quasi
594 934 728 1011 μαλακός
746 935 859 992 dicitur
877 935 967 994 Porro
985 937 1081 992 autem
1099 925 1204 992 tuni'ois

223 1024 356 1082 demissis
374 1025 520 1105 ambulare
545 1035 644 1082 eorum
667 1029 728 1104 est,
753 1027 820 1101 qui
826 1035 858 1083 se
883 1027 983 1082 molles
1009 1039 1043 1082 ac
1068 1025 1204 1082 delicatos

221 1111 323 1172 haberi
354 1113 474 1174 velint.“
510 1117 605 1175 Sobel
626 1115 731 1192 omqe
767 1117 921 1194 „Malthini
948 1111 1066 1172 nornine
1090 1098 1207 1189 quidam

221 1204 422 1263 Mecoenatem
445 1206 599 1278 significari
623 1209 806 1282 suspicantur
829 1203 923 1266 oaect‘
959 1205 1062 1264 Acron
1085 1206 1123 1261 ad
1146 1207 1206 1262 Sat.

224 1287 252 1371 i,
269 1295 298 1352 2.
318 1293 364 1353 64.
384 1287 531 1376 (Villius
522 1314 554 1354 m
571 1293 712 1378 Fausta):
751 1299 890 1376 „Semper
907 1295 1019 1354 incerta
1035 1309 1089 1368 pro
1108 1295 1205 1351 certis.

222 1387 297 1444 Nam
321 1379 430 1444 Fausta
454 1387 549 1460 Syllae
574 1387 633 1445 iilia
657 1389 690 1448 T.
715 1390 811 1447 Annio
834 1387 1050 1460 Miloni‘nupta
1073 1383 1142 1460 ruit,
1174 1386 1207 1440 ut

224 1494 313 1551 supra
332 1478 476 1551 exposuit.
514 1477 608 1534 Alibi:
633 1478 682 1534 Me
709 1477 800 1535 dulcis
825 1477 956 1534 dominae
975 1477 1060 1533 Musa
1077 1471 1207 1532 Liciniae

222 1583 276 1641 pro
295 1561 448 1624 Terentiae
452 1585 465 1636 ‚-
484 1565 514 1620 ct
531 1565 699 1624 Mutunus
716 1569 827 1625 iunius
846 1565 982 1624 deamat
1000 1563 1138 1623 ambulat
1153 1579 1206 1638 pro

222 1649 412 1716 mecoenate
430 1685 470 1697 -
486 1651 567 1712 Haec
585 1669 659 1728 quae
678 1656 796 1713 tradunt
814 1657 989 1714 Scholiastae
1001 1657 1034 1726 ut
1046 1648 1207 1729 probabilia

223 1745 295 1802 liunt
313 1741 420 1816 insigni
438 1744 586 1801 nominum
611 1744 797 1803 similitudine
822 1749 853 1804 et
875 1743 939 1821 pari
958 1743 1130 1818 syllabarum
1153 1761 1207 1801 nu·

223 1851 304 1896 mero
329 1852 364 1892 ac
388 1829 596 1917 quantitatelr)
627 1831 670 1892 ita
689 1839 773 1894 extra
790 1847 905 1894 onmem
921 1837 981 1894 iere
1000 1833 1208 1894 dubitationem

224 1929 336 2002 ponunt
335 1943 370 1984 ur
388 1939 454 1987 cum
471 1928 635 2002 propterea,
654 1925 732 1998 quod
750 1943 798 1982 res
816 1935 891 2000 qnae
911 1922 1073 1984 diffamatur
1090 1931 1209 2000 prorsus

223 2019 256 2076 in
272 2011 472 2076 Maecenatem
490 2016 576 2092 eadit,
595 2017 637 2072 ita
655 2019 696 2092 ut,
717 2015 831 2072 etiamsi
848 2019 936 2090 poeta
953 2017 1078 2072 noluerit
1094 2010 1209 2073 Maece-

224 2112 323 2164 uatem
340 2106 544 2180 perstringere,
564 2102 600 2161 de
620 2109 655 2162 eo
673 2103 796 2162 lectores
815 2105 941 2174 cogitare
961 2103 1128 2181 debuerint,
1147 2109 1209 2162 tum
1242 2180 1247 2188 Ι

226 2196 305 2270 quod
322 2196 433 2251 Seneca
450 2195 469 2250 l.
488 2195 508 2251 l.
527 2195 716 2252 Horatianum
733 2195 828 2250 locum
845 2195 887 2249 ita
905 2195 1049 2270 respexit,
1073 2196 1107 2250 nt
1125 2196 1209 2253 dubi-

208 2281 282 2344 'tari
305 2300 365 2342 non
388 2281 482 2358 possit
506 2283 576 2356 quin
606 2287 636 2340 et
659 2285 722 2358 ipse
746 2284 945 2341 Maecenatem
962 2278 1126 2342 vellicatum
1144 2303 1208 2344 esse

224 2375 378 2450 putaverit
407 2369 437 2433 Is
457 2374 534 2430 enim
551 2373 602 2431 ubi
621 2373 711 2432 dixit:
730 2374 902 2450 „Quomodo
920 2371 1209 2454 Maecenasvixerit,

224 2467 322 2525 notius
341 2468 402 2542 est,
422 2481 508 2540 quam
525 2467 558 2522 ot
575 2465 687 2523 narrari
704 2481 781 2521 nunc
801 2464 920 2522 debeat:
948 2466 1091 2538 quomodo
1110 2467 1209 2525 ambu-

140 2619 143 2624 ,
226 2559 339 2632 laverit,
359 2572 445 2630 quam
464 2555 602 2614 delicatus
621 2555 722 2632 fuerit,
743 2563 829 2628 quam
847 2555 971 2631 cupierit
988 2555 1098 2634 rideri,
1123 2571 1209 2636 quam

200 2699 210 2727 ,Ι
226 2647 299 2704 vitia
316 2662 370 2702 sua
385 2645 478 2704 latere
499 2645 629 2704 voluerit
668 2645 746 2712 Quid
764 2637 853 2718 ergo'i
878 2659 937 2704 non
962 2649 1054 2703 oratio
1079 2648 1141 2718 ejus
1160 2663 1208 2704 ae÷

224 2751 283 2810 quc
303 2725 397 2793 soluta
413 2737 460 2792 eet
478 2751 564 2808 quam
581 2733 645 2810 ipse
665 2731 860 2794 discinctos'i‘i
879 2737 989 2811 pergit:
1007 2734 1094 2810 „Non
1111 2737 1208 2796 statim

228 2825 300 2886 haec
319 2843 384 2884 cum
402 2819 516 2902 legeris,
536 2825 591 2882 hoo
609 2825 662 2883 tibi
681 2827 820 2905 occurrit,
838 2827 915 2882 hunc
934 2835 1014 2900 esse,
1032 2827 1208 2901 put-solutio

227 2918 340 2986 turdela
356 2919 390 2975 ia
408 2917 484 2976 arbe
500 2931 616 2990 seraper
631 2918 786 2976 tuomerit
798 2911 848 2999 ⁴)‘i

302 3007 439 3066 Attamen
457 2999 502 3066 his
521 3008 653 3066 omnibus
679 3005 784 3064 dixerit
808 3002 1015 3081 quispiamntl
1039 3003 1117 3066 alind
1140 3021 1207 3084 pro·

228 3095 292 3156 bari
310 3114 396 3172 quam
413 3099 482 3159 hocs
507 3101 537 3156 et
554 3098 616 3156 fieri
633 3095 778 3176 potuisse,
803 3101 836 3156 ut
854 3095 890 3154 de
908 3097 1076 3155 Maecenate
1094 3099 1141 3157 hic
1157 3117 1207 3176 ,su-

229 3187 327 3260 gillato
347 3189 534 3260 cogitaverint
551 3189 674 3248 lectores
693 3191 724 3246 et
741 3190 829 3247 luisse
848 3183 951 3266 ctiam,
971 3189 1080 3262 quiite
1099 3193 1207 3246 statue·

229 3279 296 3336 rent
315 3277 377 3348 jam
394 3279 507 3338 Horatii
531 3283 626 3337 aetate
651 3279 682 3336 ct
704 3282 820 3353 postea3
845 3287 900 3336 nec
923 3282 1021 3338 tamen
1043 3281 1206 3337 necessario

229 3366 384 3446 consequi,
407 3372 441 3426 ut
463 3361 527 3444 ipse
544 3366 680 3429 Horatius
705 3372 735 3426 et
757 3367 933 3430 intellexerit
955 3371 1152 3437 Maecenatem
1176 3373 1206 3434 et

229 3512 426 3536 u—-L-*n--fl

295 3611 326 3674 2)
341 3599 473 3658 cillenii
489 3607 521 3658 ad
536 3609 620 3658 Horat.
636 3609 689 3659 Sat.
706 3607 735 3670 1,
752 3611 776 3661 2.
794 3608 834 3662 ol
851 3608 978 3668 eretz,
999 3607 1042 3661 12
1056 3609 1097 3662 12.
1114 3611 1204 3665 Weich.

230 3690 256 3740 p.
272 3690 293 3726 r.
309 3690 365 3739 pag.
381 3676 429 3726 lla
446 3689 481 3738 sq.

297 3757 327 3820 l)
343 3759 396 3806 Alia
411 3762 518 3808 veterum
539 3743 775 3824 testimoniaque
796 3757 842 3810 huc
858 3757 987 3822 quadrant,
1003 3762 1123 3828 congemit
1138 3761 1203 3815 uei

124 3851 129 3858 ·
231 3821 308 3874 chetti
324 3823 447 3890 ddigmda
462 3840 522 3892 p.
502 3839 522 3876 r
537 3839 562 3890 p
555 3825 627 3879 lle
642 3840 678 3891 aq
