2776 4582
561 341 603 354 -
635 283 768 374 ¹41²-

170 473 273 534 ta·-
290 473 328 531 ad
348 487 420 530 ooo.
441 471 518 528 732.
542 460 611 544 post
633 471 802 529 Massonum
825 464 893 550 (vit
919 484 948 542 p.
968 463 1169 548 rsa-248.)

169 567 360 639 interpretum
370 562 563 620 recentiorum
575 562 700 638 plurimi,
719 562 796 639 Jani,
816 559 986 638 Mitscherl,
1005 562 1154 637 Deering,

169 655 331 731 Vanderb.,
350 654 428 728 Leps
446 652 465 709 la
484 654 503 709 l.
523 668 552 727 p.
573 653 617 728 4.,
636 653 754 712 Passov.
773 653 824 709 vit
843 655 903 710 ncta
924 652 988 709 259.
1007 645 1106 731 (731.)
1124 653 1156 708 et

170 747 318 804 Kirehner.
345 745 377 801 in
405 747 516 818 quaest
541 760 570 817 p.
597 743 623 800 8.
655 740 683 820 ᾖ.
714 743 778 800 18..
806 743 955 800 Falluntur
989 743 1020 800 hi
1054 757 1155 800 omnes

170 838 203 894 iu
231 853 282 913 eo,
314 834 392 911 quod
422 835 587 909 primariam
611 835 733 892 rationis
759 851 890 890 caussam
908 836 1064 902 ansturae
1088 848 1155 906 pro-
1222 873 1223 882 .
1312 819 1316 833 ’

172 928 259 998 digiis
285 916 637 1002 quae'commemorantur
662 926 770 983 ducunt
798 925 888 982 etita
907 924 1030 1000 ducuht,
1059 925 1093 980 ut
1110 923 1155 979 in·

171 1019 286 1076 solitam
303 1017 389 1088 hujus
407 1017 520 1074 illiusve
540 1017 609 1072 anni
628 1019 844 1092 tempestatem,
870 1017 963 1090 qualis
982 1015 1019 1071 ab
1038 1014 1155 1071 histori-
1184 1015 1193 1038 ‘

171 1110 213 1166 cis
232 1110 392 1184 pingatur,
407 1108 446 1164 ad
463 1108 601 1164 amussim
626 1107 813 1181 descriptioni
837 1107 1012 1164 Horatianus
1036 1119 1156 1179 respon·

168 1200 240 1256 rdere
260 1185 456 1255 demonstrent
473 1230 512 1242 -
529 1199 614 1272 plane
632 1199 830 1274 immemores,
855 1213 910 1255 nee
934 1195 1078 1259 historicis
1102 1195 1156 1252 tali
1185 1237 1188 1242 ,

170 1291 202 1347 in
220 1307 252 1346 re
271 1290 356 1346 fidem
376 1289 537 1346 habendam
556 1307 620 1346 esse
640 1289 797 1361 haberique
815 1305 916 1364 posse,
940 1301 995 1345 nec
1013 1286 1157 1360 poetieam
1242 1303 1243 1306 ¹

169 1381 267 1438 rerum
286 1381 508 1454 descriptionem
533 1380 571 1438 ad
589 1381 741 1437 veritatem
767 1379 864 1434 datam
887 1395 962 1435 esse.
999 1380 1043 1436 Eo
1061 1378 1157 1434 minus

171 1475 268 1528 autem
287 1471 419 1544 prodigia
438 1473 494 1529 ista
512 1471 669 1545 quidquam
692 1449 879 1542 ad⁸tcmpura
902 1468 1066 1525 definienda
1089 1483 1157 1525 con·

171 1565 246 1620 l'erre
265 1563 406 1639 arbitror,
430 1578 487 1636 quo
512 1563 602 1634 magis
626 1561 698 1618 mihi
722 1576 892 1632 persuasum
911 1561 971 1635 est,
996 1561 1157 1617 Horatium

170 1671 233 1712 noo
257 1657 459 1726 tempestatem
485 1657 621 1728 ottonum
645 1659 675 1710 st
698 1653 811 1710 Ttterr's
840 1653 1070 1709 meorumnam
1100 1652 1158 1708 de·

57 1807 61 1812 s
170 1749 339 1820 scripsisse,
357 1761 438 1819 quos
456 1761 491 1804 eo
509 1753 653 1820 tempore,
673 1757 732 1818 otto
751 1759 875 1802 sermm
893 1745 1052 1816 scriptam,
1072 1743 1157 1799 uest-

171 1841 222 1912 dtt,
240 1840 296 1893 sed
313 1853 351 1893 eo
368 1839 538 1907 respectare
554 1841 703 1909 porterus,
721 1849 808 1907 quoe
819 1835 897 1890 turs
919 1834 1061 1896 camaris
1078 1845 1158 1889 mor·
1268 1823 1271 1834 '

171 1933 229 1984 tem
252 1932 358 1982 secuta
381 1932 455 1982 sont
478 1941 561 1982 onoc
582 1925 676 1982 710„
698 1923 782 1988 Quod
807 1922 966 1990 rectissime
991 1939 1038 1978 me
1058 1921 1158 1992 jndice

142 2016 348 2074 xscholiastae
368 2009 618 2094 'observarunt⁸).
664 2012 797 2072 Concedo
827 2015 944 2087 poetam
975 2013 1038 2070 dira
1061 2013 1158 2086 aliqua

171 2109 361 2182 tempestate,
380 2122 454 2180 quae
473 2106 723 2178 praetermodum
742 2123 807 2163 cum
825 2119 929 2176 magna
947 2104 1095 2160 hominurn
1111 2117 1158 2160 re·

173 2214 293 2272 rumque
313 2200 408 2268 strage
429 2197 579 2273 saeviiset,
595 2211 631 2254 eo
649 2197 804 2254 adductum
824 2213 899 2272 esse,
917 2197 951 2252 ut
968 2188 1024 2252 hoc
1043 2210 1158 2252 carmen

172 2307 224 2346 suo
243 2290 275 2346 in
293 2300 398 2360 genere
417 2305 535 2362 prorsus
556 2288 700 2360 singulare
720 2289 913 2362 componeret.
950 2288 1013 2345 Nec
1031 2288 1074 2344 ita
1092 2291 1158 2361 pe'r-

171 2383 253 2438 tinas
276 2398 340 2438 sum
364 2381 396 2436 in
420 2380 599 2452 explicandis
623 2398 666 2438 vs.
693 2381 805 2437 1-11.
830 2380 889 2436 ‘At
912 2393 1060 2450 nunquam
1079 2378 1159 2452 eripi

171 2471 243 2526 mihi
261 2473 372 2545 patiar,
397 2487 440 2525 vs.
462 2471 497 2524 14
517 2486 559 2542 sq.
586 2471 622 2526 de
647 2470 758 2538 magnis
783 2470 882 2542 aquis,
908 2482 982 2541 quae
1010 2484 1064 2539 per
1091 2483 1157 2525 ann.

172 2561 236 2617 710.
258 2560 301 2616 ll.
321 2561 451 2632 fuerant,
476 2558 678 2628 intelligendos
698 2574 771 2614 esse.
809 2557 937 2613 Primum
961 2556 1039 2612 enim
1064 2557 1090 2613 si
1108 2575 1179 2626 vem,

95 2661 96 2666 ’
172 2667 236 2707 rum
255 2653 300 2706 est
319 2647 396 2721 quod
416 2649 504 2720 supra
522 2649 593 2724 dixi,
612 2651 705 2705 totum
724 2664 839 2705 carmen
857 2647 888 2703 in
907 2647 1045 2706 honorem
1063 2649 1158 2708 Octo-
1247 2677 1252 2688 ·

171 2742 272 2815 otoni,
288 2742 385 2813 patos
403 2740 525 2815 oltorts,
544 2740 686 2813 scriptum
703 2757 783 2815 esse,
803 2740 941 2813 pleraque
960 2756 1013 2813 per
1038 2757 1070 2796 se
1089 2757 1158 2798 con·

173 2835 341 2889 sentaneum
361 2832 405 2886 est
424 2830 461 2886 ad
479 2833 506 2887 J.
528 2831 658 2888 Caesaris
677 2825 1007 2904 occisionem‘tanquam
1026 2828 1063 2886 ad
1082 2847 1158 2888 ccm-
1191 2884 1193 2890 ,

172 2939 288 2980 munem
306 2938 402 2979 rerum
421 2921 566 2980 cardinem
584 2922 675 2980 reluta
694 2939 767 2980 esse.
805 2924 879 2980 Tum
897 2921 1050 2979 manifesto
1069 2939 1158 2996 appa·

241 3168 270 3232 3)
286 3167 363 3215 Recte
380 3165 519 3216 Grotelend.
536 3183 565 3230 p.¹
577 3166 634 3215 tet.
646 3179 683 3214 a:
709 3165 783 3226 „Was
805 3179 853 3214 uun
876 3164 916 3213 die
932 3165 1098 3228 Missdeutung
1114 3166 1158 3231 des

173 3231 295 3294 Aufartges
308 3233 378 3295 jener
395 3233 447 3282 Ode
464 3233 567 3293 betriflt,
585 3248 612 3281 so
629 3233 671 3280 hat
686 3247 741 3280 man
758 3231 824 3281 nieht
839 3231 965 3291 beaehtet,
982 3231 1045 3282 dress
1061 3233 1159 3283 Horaz

173 3300 246 3348 meus
261 3299 405 3363 mousson
423 3299 504 3350 neno
519 3301 581 3350 zea
603 3299 668 3348 oser
690 3285 771 3348 henes
793 3298 871 3349 ortes
893 3295 1029 3364 cerasus,
1054 3300 1158 3348 sontem
1222 3309 1226 3320 ¹

174 3365 214 3412 die
225 3366 379 3414 turchtbareu
391 3366 659 3427 Naturcrschciuuugcu
670 3365 855 3414 verschisdeusr
865 3365 1038 3424 Jahreszeiteu,
1049 3366 1158 3415 Schuee-

173 3445 277 3492 massen,
293 3431 481 3493 Hagelsehauer,
497 3433 656 3494 Blitzsshldge
673 3431 722 3479 und
738 3431 923 3480 Wasserlluthsn
941 3433 983 3480 des
999 3446 1092 3498 gauses
1107 3431 1157 3488 Er·
1215 3445 1218 3455 ·

175 3497 311 3546 deurundes
328 3501 400 3547 sowcl
422 3499 457 3545 als
474 3498 517 3546 der
532 3498 681 3560 Hauptstadt
702 3498 812 3546 aus-der
832 3497 1039 3560 Vergaugeuheit‚
1068 3497 1158 3545 welche

174 3563 240 3630 uieht
255 3566 320 3614 bloss
337 3565 383 3613 deu
399 3565 509 3612 Umsturz
527 3564 569 3613 des
585 3567 643 3612 rdm.
661 3566 773 3626 Stantes,
798 3565 900 3613 scudem
925 3565 969 3612 der
989 3563 1052 3611 Welt
1067 3561 1157 3612 Uuter-

174 3643 239 3692 gang
255 3631 304 3679 und
320 3633 379 3681 aller
395 3630 483 3680 leker
499 3629 662 3694 veruehtuog
678 3631 786 3690 drchten,
803 3630 915 3690 auflhhrt,
932 3631 977 3682 she
993 3643 1020 3676 er
1031 3628 1105 3678 wau
1117 3626 1158 3678 dis

175 3709 259 3756 grosse
275 3698 529 3758 Uebersehwcmmuug
545 3693 635 3758 khhpft
653 3698 742 3746 welche
754 3712 780 3746 er
791 3698 865 3746 durch
876 3697 920 3744 das
930 3696 998 3745 nort
1015 3695 1157 3761 „otdtmtts”

175 3761 211 3808 als
228 3761 272 3809 das
289 3765 383 3826 ciuzige
394 3815 395 3822 χ
405 3764 538 3827 prodigium
555 3763 598 3809 der
614 3759 759 3825 Gcgeuuart
780 3763 942 3813 bezeichuet.''
965 3764 1027 3810 esst.
1060 3761 1110 3811 Sed
1126 3761 1157 3813 ds

82 3845 84 3856 =
175 3825 272 3876 Tiberis
287 3831 449 3883 exsudatione
463 3844 533 3880 secus
549 3831 637 3878 statuo·
817 3853 819 3858 v
