2776 4582
548 313 590 328 ..
629 277 672 344 gg
711 310 753 324 ..

599 443 714 504 aeuus
730 442 872 508 Fannius
888 445 968 503 ultro

305 537 421 597 Deloue
439 535 540 608 captia
557 540 587 593 ct
602 535 749 610 anaqam,
767 549 832 592 cum
850 549 916 590 mea
931 548 1018 590 nemo
1128 517 1131 530 ’

306 629 419 703 Scripta
435 627 512 699 legat
531 626 616 697 vulgo
633 625 756 699 recitare
774 624 902 682 timentis
921 623 958 684 ob
977 624 1052 682 hanc
1066 640 1138 702 rem,

306 718 391 786 Quod
410 709 492 794 suut,
517 733 588 792 quos
606 731 697 788 genus
716 715 771 772 hoc
789 715 906 774 minime
920 714 1020 792 jurat,
1038 717 1139 790 utpote

551 809 648 883 plures

307 901 425 976 Culpari
443 899 552 972 dignos.
1073 937 1077 946 .

159 995 234 1052 Nam
252 1009 317 1050 cum
336 991 451 1066 exeis,
477 1006 551 1063 quae
575 991 612 1048 de
636 990 836 1053 hocllaam'o
854 984 1053 1073 (Quadrato),
1072 990 1142 1048 sati·

234 379 252 462 l

159 1099 257 1142 rarum
281 1081 421 1154 scriptore
445 1083 476 1136 et
507 1081 626 1156 „inepto
649 1082 839 1154 Hermogenis
864 1082 979 1153 'ligellii
1003 1081 1143 1140 conviva”
1240 1147 1241 1152 γ

159 1169 236 1252 (Sat.
257 1168 446 1250 1,10.80.)‚
470 1172 625 1230 memoriae
646 1173 834 1246 prodiderunt
853 1173 1045 1249 scholiastae,
1071 1172 1143 1228 satis

159 1266 314 1340 appareat,
338 1262 442 1320 Fannii
468 1263 575 1335 scripta
599 1267 629 1319 et
652 1264 808 1334 imaginem
832 1262 950 1320 honoris
980 1280 1082 1322 caussa
1111 1262 1144 1320 in

158 1355 362 1412 bibliothecam
381 1354 506 1425 aliquam
525 1352 619 1414 delata
636 1353 735 1425 ibique
755 1351 887 1424 deposita
905 1369 985 1422 esse:
1003 1355 1068 1412 veri
1085 1370 1145 1411 non

159 1448 205 1501 est
222 1444 354 1501 absimile
371 1442 587 1514 intelligendam
599 1460 663 1500 csse
679 1443 883 1500 bibliothecam
891 1441 990 1515 Asinii
1006 1443 1144 1502 Pollionis

159 1552 225 1592 aun.
245 1535 412 1592 715-716.
432 1533 578 1591 conditam
597 1526 639 1613 (u.
662 1532 833 1591 Thorbecke
844 1548 873 1606 p.
886 1533 922 1588 35
941 1527 1018 1614 sq.),
1039 1551 1145 1610 „prac-

160 1627 259 1682 sertim
277 1643 342 1683 cum
360 1626 439 1682 idem
455 1623 546 1681 Pollio
564 1623 770 1682 bibliothecam
782 1623 893 1696 primus
905 1626 1055 1682 auctorum
1073 1626 1144 1682 ima·

160 1717 273 1788 ginibus
293 1717 454 1792 ornaverit,
480 1715 531 1788 qui
555 1731 617 1771 mos
638 1714 679 1772 ab
705 1732 740 1772 eo
758 1714 827 1771 inde
843 1717 975 1789 tempore
993 1715 1146 1792 invaluit,'’
1220 1782 1222 1786 .

159 1811 192 1866 ut
210 1809 252 1864 ait
269 1807 430 1865 Thorbcck.
450 1822 479 1879 pt
499 1806 544 1860 41.
564 1806 689 1877 Tempus
709 1808 787 1862 certe
806 1821 844 1861 ex
856 1803 921 1862 mea
933 1807 1147 1880 computatione

158 1897 213 1953 isti*
230 1897 390 1953 sententiae
410 1894 552 1951 convenit.
589 1894 652 1950 Nec
673 1896 736 1949 erat
755 1909 824 1950 saue
843 1896 922 1970 quod
939 1896 1095 1953 Weiohert.
1114 1913 1144 1970 p.

159 1988 210 2043 rel.
240 2003 268 2060 p.
297 1986 361 2043 293.
400 2001 453 2041 sua
485 1983 597 2040 ratione
630 1984 718 2040 nixus
749 2000 815 2061 eos,
857 1985 907 2058 qui
941 1984 978 2041 de
1005 1986 1144 2044 Pollionis

159 2077 336 2136 bibhotheca
355 2076 529 2151 cogitarent,
548 2075 693 2132 manifesti
712 2076 816 2132 erroris
835 2075 912 2132 facili
929 2076 1047 2147 negotio
1065 2093 1147 2135 coar·

159 2171 208 2240 gui
226 2185 312 2243 posse
332 2167 456 2242 diceret,
476 2166 586 2223 scilicet
604 2166 690 2240 quod
701 2166 789 2222 satira
801 2166 827 2222 4.
840 2166 921 2240 prius
941 2167 1049 2240 scripta
1067 2170 1146 2224 esset

160 2258 246 2333 quam
281 2259 374 2334 prima
404 2259 519 2334 pubhca
548 2257 724 2316 bibliotheca
753 2256 934 2338 conderetur.
981 2259 1044 2329 Ego
1074 2274 1145 2315 vero

160 2351 282 2407 eandem
295 2350 412 2407 condita
425 2349 488 2421 jam
501 2349 678 2407 bibliotheca
695 2351 853 2407 conlectam
873 2365 937 2405 esse
956 2349 1145 2422 persuasissi-

161 2457 240 2496 mum
258 2440 361 2498 habeo.
404 2439 598 2496 Nihilominus
623 2440 729 2497 Fannii
753 2455 855 2510 capsas
880 2441 911 2494 et
933 2439 1088 2508 imaginem
1112 2440 1145 2495 in

160 2547 197 2587 ea
221 2530 387 2587 collocatas·
404 2529 494 2582 luisse
518 2542 602 2597 nego.
645 2528 721 2584 Nam
744 2528 870 2601 primum
898 2527 1069 2585 incredibile
1098 2531 1144 2584 est

159 2621 290 2694 ineptum
312 2618 401 2674 iatum
424 2617 542 2690 poetam
568 2616 651 2674 brevi
679 2620 747 2691 post
771 2617 916 2675 conditam
939 2617 1145 2676 bibliothecam

159 2709 268 2782 insigni
295 2708 345 2764 illo
374 2709 404 2764 et
428 2705 560 2764 inaudito
587 2708 695 2764 honore
714 2709 838 2766 humum
863 2725 942 2784 esse,
972 2709 1145 2782 praesertim

160 2817 225 2857 eum
248 2802 289 2858 M.
315 2799 443 2857 Terentii
469 2798 616 2857 Varronis
638 2801 700 2858 cici
724 2799 819 2871 imago
843 2801 972 2858 omnium
995 2801 1089 2872 prima
1113 2801 1146 2856 in

159 2889 417 2948 novabibliotheca
428 2888 528 2963 posita
539 2883 672 2970 sit(th
683 2891 712 2948 h.
722 2907 752 2948 n.
762 2891 790 2966 7,
802 2887 875 2972 31.).
885 2889 1001 2948 Deinde
1012 2890 1077 2964 ipsa
1083 2890 1144 2947 Ho-

160 2981 229 3038 ratii
240 2980 330 3037 verba
340 2982 400 3037 tam
411 2980 533 3038 obscura
545 2982 622 3056 sunt,
641 2982 675 3037 ut
682 2980 748 3051 jnre
764 2980 890 3056 dubites,
909 2995 980 3037 num
992 2979 1028 3036 de
1040 2979 1145 3038 biblio·

159 3072 245 3127 theca
256 3070 353 3143 ahqua
364 3071 547 3142 cogitandum
559 3070 598 3126 sit
610 3071 735 3127 omniuo.
772 3071 834 3127 Nec
846 3070 1015 3126 Scholiastis
1039 3087 1087 3128 res
1106 3071 1145 3130 ad

159 3159 302 3233 liquidum
326 3160 474 3235 explorata
501 3162 565 3218 luit.
612 3145 739 3219 Narrant
761 3160 838 3215 enim
861 3175 958 3216 seeum
976 3163 1144 3234 pugnantia.

161 3251 255 3308 Schol.
266 3252 371 3326 hiup:
389 3251 537 3328 „Faumus
550 3251 714 3320 Quadratus
724 3253 811 3324 poeta
819 3250 1037 3324 loquacissimus
1044 3254 1074 3308 et
1082 3252 1145 3312 ine·

160 3341 310 3415 piissimus
328 3341 398 3418 luit,
418 3342 466 3398 cui
484 3344 608 3400 Senatum
621 3341 758 3398 audiendi
769 3339 886 3398 astilia
898 3343 974 3398 ultro
994 3329 1095 3418 capsas
1114 3346 1146 3400 et
1211 3405 1213 3408 ,
1338 3334 1340 3341 ’

160 3432 315 3504 imaginem
333 3431 454 3508 obtulit,
478 3436 513 3489 ut
534 3434 625 3492 libros
651 3449 718 3490 suos
742 3431 871 3500 mitteret
891 3433 971 3490 etin
989 3434 1144 3491 auetorita-

160 3525 220 3580 tem
238 3524 416 3597 reciperetur
433 3525 571 3595 tauquam
589 3526 715 3599 optimus
733 3526 843 3598 poeta:¹
853 3523 933 3580 velut
945 3524 994 3582 alii
1004 3524 1143 3598 referunt,

160 3613 299 3690 Fannius,
316 3617 406 3690 pocta
416 3614 519 3691 malus,
538 3631 604 3672 aum
621 3605 728 3672 liberos
745 3631 804 3672 uon
817 3614 955 3690 haberet,
972 3609 1144 3685 haeredipe-
1224 3620 1226 3636 ¹

91 3729 93 3742 ·
160 3703 208 3757 tae
234 3703 296 3774 sine
322 3704 384 3776 ejus
409 3721 478 3763 cura
501 3707 533 3762 et
556 3704 651 3762 studio
680 3695 770 3763 libros
794 3704 856 3777 ejus
881 3706 912 3761 et
934 3701 1087 3772 imaginem
1111 3701 1143 3760 in

50 3827 54 3838 «
160 3791 291 3868 publicas
314 3795 505 3874 bibliothecas
528 3795 708 3874 referebant,
733 3795 812 3854 nullo
836 3798 934 3856 tamen
950 3791 1054 3852 mento
1073 3791 1142 3852 scri·
