2760 4588
619 293 959 388 ..m-'⁸

121 515 127 530 .
234 490 321 549 quam
344 473 474 549 Auyacti
498 475 561 532 dica
584 477 699 536 αοίαίίο
723 493 762 534 cx
784 477 904 535 Petrum
923 473 1039 532 decreto
1061 473 1123 547 Jam
1147 473 1220 533 inde

234 565 271 622 ab
290 581 317 621 a.
337 563 512 622 7251555113
532 565 672 649 agebatur
691 561 770 648 (Dic
789 568 843 645 51,
869 567 914 624 19.
940 563 970 624 ἔν
994 583 1026 625 τε
1049 568 1112 637 τοῖς
1135 575 1223 640 νενε-

232 653 334 725 abacta
352 653 445 712 αὐτοῦ
461 653 511 712 καί
529 649 559 712 ἔν
576 657 614 733 τῇ
631 657 682 730 τῆς
700 647 906 731 ἀγγελίαςοῆς
917 659 995 728 νίκης
1018 653 1115 741 ἡμέρᾳ
1138 653 1221 737 lepo-

232 747 338 821 μηνίαν
357 740 478 803 εῖναι-ο
495 741 665 826 ἔγνωσαν),
685 748 793 820 majore
811 751 909 804 tamen
923 752 1063 822 apparatu
1076 750 1106 806 ct
1124 750 1221 822 splen·

234 836 303 893 dore
316 837 455 909 .primum
479 836 694 896 concelebratus
713 855 777 895 esse
797 839 912 896 videtur
931 855 1013 898 onoc
1032 857 1064 898 α.
1084 856 1109 898 ο.
1130 839 1221 914 734,

232 926 341 1000 quippe
359 942 418 1000 quc
436 927 522 985 ludos
541 931 690 1001 equestres
710 929 804 986 editos
823 932 853 985 ct
874 931 1042 986 venationes
1061 930 1098 987 ab
1118 929 1221 986 aedili-

232 1018 288 1074 bus
306 1004 454 1074 institutas
473 1013 681 1075 fuisse'narrat
698 1021 756 1078 Dic
776 1020 823 1096 54,
843 1020 871 1076 8.
890 1013 971 1104 (ἰδίᾳ
990 1015 1023 1079 δὲ
1042 1013 1077 1092 δὴ
1097 1015 1126 1076 οἱ
1144 1016 1221 1093 ἀγο-

232 1106 359 1185 ρανόμον
377 1101 583 1188 ἱπποδρομίαν
599 1125 632 1167 τε
650 1104 681 1167 ἓν
698 1106 761 1180 τοῖς
784 1110 838 1168 τοῦ
849 1109 1030 1185 Αὐγούστου
1054 1105 1221 1185 γενεθλίοις

231 1200 282 1256 καί
299 1189 416 1279 θηρίων
434 1195 552 1278 σφαγὰς
570 1191 745 1282 ἐποίησαν).
785 1200 871 1268 Quod
889 1202 915 1258 si
928 1201 990 1273 jam
1014 1201 1095 1275 prius
1113 1202 1221 1263 lactum

232 1291 350 1367 luisset,
369 1289 448 1347 haud
466 1289 554 1346 dubie
566 1289 690 1364 scriptor
702 1295 897 1350 memorasset.
928 1293 1034 1350 Postea
1048 1291 1126 1348 enim
1137 1291 1221 1347 iden-

233 1380 325 1438 tidem
343 1380 428 1457 hujus
446 1381 491 1438 rei
509 1381 649 1438 meminit
669 1384 704 1440 ci.
723 1383 774 1440 lib.
791 1375 846 1460 54,
865 1382 911 1440 26.
932 1385 962 1439 et
979 1383 1025 1440 34.
1046 1383 1093 1460 56,
1111 1382 1157 1438 29.

228 1485 231 1510 ¹
305 1472 408 1544 Itaque
432 1472 546 1529 Horatii
570 1475 695 1546 epistola
718 1473 813 1547 pridie
840 1473 1007 1532 sollemnem
1032 1471 1091 1530 diei
1115 1471 1220 1529 natalis

232 1562 357 1634 Augusti
375 1562 597 1619 celebrationem
614 1563 739 1637 primum
757 1579 784 1620 a.
804 1564 868 1621 734.
882 1564 1037 1635 magnifica
1053 1579 1160 1638 pompa
1176 1563 1222 1619 in·

234 1654 364 1711 stitutum
381 1653 402 1709 i.
422 1671 439 1709 c
457 1655 559 1712 XXII.
577 1655 737 1729 septembr.
757 1671 786 1713 ο.
807 1646 883 1711 734.
903 1652 1011 1727 scripta
1023 1658 1077 1714 est.
1090 1686 1128 1700 -
1147 1657 1221 1712 Gro-

233 1747 283 1802 tei.
302 1744 416 1819 p.'4l4.
435 1761 478 1803 a:
496 1761 546 1819 prs
559 1743 601 1802 Id.
621 1743 678 1802 lul.
698 1744 780 1826 735,
799 1744 933 1804 Kirohn.:
952 1746 1016 1803 733.

307 1929 526 2008 1117181·οῌ
548 1931 609 1987 VI·
652 1928 730 2007 „Nil
752 1933 920 1990 admiroai³’
944 1932 981 1990 ob
1005 1949 1033 1989 v.
1053 1932 1100 1988 26.
1120 1931 1222 2008 „tium

234 2023 308 2080 bene
325 2031 430 2082 notum
448 2025 624 2081 Porticus
647 2022 845 2096 Ayrlppoe
870 2031 899 2082 el
916 2027 969 2080 clo
986 2028 1014 2080 te
1033 2023 1223 2094 conspeeerit

233 2111 331 2186 Appl’
355 2117 423 2187 post
448 2131 474 2170 a.
499 2114 563 2170 729.
590 2113 750 2186 composita
774 2129 839 2170 esso
865 2113 966 2189 debet,
992 2113 1054 2168 sive
1079 2111 1223 2184 porticum

234 2220 329 2276 prope
353 2205 504 2262 Pantheon
528 2206 565 2262 ab
589 2205 720 2277 Agrippa
745 2221 773 2261 ο.
799 2205 876 2260 729.
895 2201 1061 2272 confectum
1080 2196 1153 2281 (Dio
1173 2201 1221 2276 53,
1286 2231 1290 2236 ·

234 2294 280 2350 27.
300 2293 337 2351 τό
354 2312 386 2352 τε
404 2294 558 2352 Πάνθειαν
577 2292 787 2370 ὠνομασμένον
805 2287 966 2372 ἐξετέλεσε)
985 2290 1138 2366 intelligis,
1158 2291 1221 2346 siva

235 2401 301 2442 cum
318 2386 484 2444 Weicherto
493 2388 644 2459 porticum
655 2387 788 2458 Neptuni
798 2385 846 2440 vel
857 2383 1105 2458 Arponuolurum
1118 2380 1221 2437 ecdem

234 2493 311 2534 anno
336 2478 372 2535 ab
396 2479 528 2552 Agrippa
552 2479 736 2534 exstructam.
774 2476 928 2533 Praeterea
950 2475 992 2530 nil
1009 2472 1165 2530 inveneris.
1183 2503 1222 2516 -

234 2569 361 2625 Masson.
390 2569 445 2640 vit.
471 2572 540 2628 Hor.
569 2585 598 2642 p.
627 2566 692 2624 213.
721 2567 875 2641 epistolam
903 2564 1062 2639 assignavit
1091 2579 1117 2620 a.
1146 2563 1221 2638 729,
1285 2553 1286 2564 ’

235 2659 351 2716 Kirohn.
372 2661 392 2714 t.
413 2659 472 2717 chr.
493 2677 519 2717 a.
540 2659 604 2716 738.
624 2651 694 2739 (Ξ),
715 2659 825 2715 Grates.
844 2673 875 2730 p.
889 2657 959 2714 474.
979 2674 1005 2713 a.
1025 2655 1089 2712 735.
1108 2685 1146 2696 -

308 2840 526 2899 memnon
542 2841 620 2898 vn.
654 2842 819 2920 ,Οοιίαᾳαο
842 2841 927 2898 dcccv
949 2855 968 2894 a
991 2837 1129 2894 Massono
1155 2829 1220 2919 (ait.

235 2937 305 2992 Hor.
325 2952 354 3009 p.
374 2931 479 3014 231.),
504 2932 671 3009 Sanadcno‚
688 2931 858 2989 Weicherto
877 2923 928 3010 (p.
953 2927 1005 2984 rel.
1030 2945 1059 3000 p.
1080 2921 1168 3005 458.)
1193 2929 1222 2982 et

236 3027 351 3082 Kirohn.
372 3020 447 3104 (tab.
467 3017 544 3104 chr.)
562 3040 637 3081 anno
656 3023 720 3081 731.
746 3019 920 3079 adscribitur
943 3017 1021 3078 haud
1040 3015 1222 3092 improbabili

235 3117 407 3188 conjectura.
444 3117 519 3174 Nam
537 3115 615 3189 quod
633 3115 704 3172 dicit
714 3115 814 3172 Horat.
834 3129 870 3168 v:
882 3109 943 3168 11.:
958 3109 1096 3184 „Quodsi
1114 3111 1222 3167 broma
1277 3149 1278 3154 1
1303 3154 1307 3161 .

236 3210 319 3264 alcea
337 3209 463 3266 Albanis
480 3211 576 3266 illinet
593 3209 693 3281 apris,
712 3204 762 3263 Aa
778 3217 865 3262 more
883 3203 1041 3260 descendet
1051 3207 1135 3258 cates
1151 3205 1222 3256 teos

237 3304 267 3354 et
282 3299 340 3354 sibi
360 3302 498 3376 parcelss’
522 3297 554 3355 id
572 3298 700 3354 referunt
725 3296 763 3353 ad
787 3295 858 3367 iter,
884 3291 961 3365 quod
985 3291 1080 3349 hicme
1105 3305 1130 3346 a.
1147 3286 1219 3343 .l3l.

236 3388 349 3446 Veliam
367 3391 397 3442 et
415 3390 562 3447 Salernum
582 3387 744 3460 suscepisse
761 3383 878 3440 videtur
895 3374 1081 3462 (epist.'15.).
1094 3411 1132 3424 -
1150 3379 1221 3434 Gro-

147 3509 149 3511 ·
238 3481 286 3537 tei.
306 3496 335 3552 p.
355 3478 419 3534 474.
440 3496 465 3535 a.
486 3478 636 3554 epistolam
655 3491 752 3533 mense
772 3473 934 3550 Septembri
952 3489 979 3529 a.
999 3473 1062 3528 735.
1082 3468 1221 3542 composi·

237 3575 298 3644 turn
318 3587 382 3627 esse
401 3573 508 3626 censet.
740 3581 743 3584 ·

267 3797 274 3822 ,
312 3750 531 3809 uersuum
553 3749 648 3807 vm·
685 3751 791 3833 „Cel-so
813 3749 968 3825 poudere”
995 3746 1079 3804 Celso
1103 3743 1221 3802 Albino·

129 3865 131 3880 =
239 3859 329 3920 vanc,
350 3842 633 3916 comitiscribacqua
651 3841 791 3916 Neronis,
817 3839 925 3914 scripta
942 3836 1021 3898 haud
1039 3835 1126 3894 dubie
1150 3835 1221 3892 relc-
