2792 4576
319 1293 322 1304 λ
463 1152 927 1299 ῈινΔιιειι

291 1420 345 1482 DE
373 1416 615 1482 TEMPORIBUS
645 1425 781 1490 QUIBUS
809 1421 1003 1481 monnulus
1030 1419 1197 1482 SINGULA
1244 1437 1249 1455 ¹
1275 1415 1277 1419 ’

406 1592 410 1602 „
457 1514 467 1520 ’
519 1513 705 1572 ΡΟΕΜΑΤΑ
733 1513 961 1572 scnffsnnnn.

643 1703 841 1724 W

652 1913 765 2032 Gap.
795 1917 835 2006 1.
938 1965 945 1986 ι

351 2147 358 2155 .
422 2103 463 2152 Da
474 2106 556 2154 aetate
573 2103 713 2154 Sermonum
729 2106 770 2170 qui
789 2105 813 2156 in
830 2106 891 2155 libro
908 2107 927 2155 Ι.
945 2107 1064 2169 leguntur.

132 2473 136 2482 r
249 2383 365 2480 Peuce
383 2423 450 2478 sunt
468 2435 559 2494 eaque
577 2421 662 2478 valde
680 2422 806 2500 incerta,
826 2440 900 2498 quae
920 2423 957 2482 de
975 2423 1152 2496 singulorum
1171 2425 1236 2484 Ser·

160 2583 164 2592 .
242 2507 366 2572 'monum
384 2511 561 2585 temporibus
580 2516 727 2587 comperta
745 2513 892 2572 habemus.
923 2515 981 2572 Sed
998 2516 1056 2573 nisi
1074 2532 1120 2572 me
1139 2517 1235 2574 omnia
1326 2533 1329 2541 ’

250 2605 352 2662 indunt
372 2609 494 2675 praeter
512 2607 646 2674 monum
670 2619 773 2662 omnes
790 2609 894 2666 eodem
912 2608 1018 2665 ordine
1034 2609 1137 2678 scripti
1153 2611 1235 2680 eom,
1339 2609 1344 2620 ”

248 2710 309 2770 quo
326 2709 410 2752 none
427 2696 576 2766 tepenter.
612 2695 688 2752 Nam
716 2711 781 2752 cunr
804 2697 942 2755 Horatius
966 2699 1025 2751 tem
1049 2710 1141 2767 pauca
1163 2709 1233 2766 poe-

142 2776 144 2780 ’
248 2787 327 2845 mato
343 2784 395 2842 vix
413 2787 521 2840 temere
540 2785 571 2838 et
588 2783 651 2839 sine
670 2787 748 2841 certa
765 2787 878 2868 ratione
897 2784 1050 2855 digessisse
1070 2782 1149 2840 credi
1165 2800 1233 2857 pos-

250 2876 289 2935 sit
307 2870 359 2957 (οἱ.
378 2873 527 2934 Heindorf.
552 2889 581 2945 p.
601 2866 699 2953 noc),
727 2876 878 2948 probabile
902 2875 933 2928 nt
957 2873 1007 2929 aut
1033 2877 1251 2943 argumentum

249 2982 317 3024 eum
335 2968 385 3022 aut
403 2963 619 3039 compositionis
644 2965 757 3038 tempus
781 2963 953 3040 respexisse.
991 2963 1163 3035 Argumenti
1185 2983 1232 3036 ra-

181 3047 183 3054 '
249 3055 357 3113 tionem
375 3054 503 3114 habitam
521 3071 586 3112 esse
603 3071 690 3112 nemo
708 3055 801 3114 adhuc
821 3054 917 3114 docuit
934 3069 988 3112 nec
1001 3054 1131 3113 docuerit
1148 3056 1232 3113 facile

249 3146 408 3220 qnisquam
452 3147 493 3204 At
517 3148 642 3203 aetatem
665 3146 697 3204 in
722 3148 880 3222 secundae,
905 3147 1024 3218 quartae
1049 3148 1079 3202 et
1103 3145 1231 3204 decimae

250 3233 369 3293 sedibus
386 3239 546 3310 respectam
564 3236 663 3314 vides,
687 3237 756 3294 inde
774 3240 807 3293 ut
825 3236 903 3292 idem
921 3236 953 3292 in
971 3253 1024 3293 sex
1046 3236 1165 3308 reliquis
1188 3239 1231 3292 ia-

249 3326 328 3382 ctum
346 3341 410 3409 esse
428 3343 488 3384 non
504 3328 647 3386 immerito
666 3326 827 3383 concludas.
858 3324 949 3401 quue
967 3326 1040 3399 ipsis
1058 3341 1151 3398 paene
1169 3327 1230 3386 VV.

248 3417 314 3476 DD.
339 3417 599 3490 computationibus
629 3417 815 3492 probaretur,
842 3415 900 3474 nisi
923 3416 1053 3491 plerique
1078 3416 1230 3489 septimam

250 3506 368 3564 satiram
386 3506 512 3564 omnium
529 3508 654 3581 primum
678 3505 814 3580 scriptam
838 3523 902 3565 esse
927 3507 1127 3582 opinarentur,
1148 3506 1230 3578 justo

250 3597 381 3672 cupidius
405 3597 533 3654 Messeni
558 3596 739 3666 conjecturae
763 3593 830 3678 (vit.
855 3599 924 3655 Hor.
950 3613 978 3670 p.
999 3596 1129 3652 47—50.
1150 3601 1227 3672 etp.

247 3681 313 3767 ¹69.)
332 3687 508 3763 adstipulatb
528 3702 602 3761 quae
620 3687 699 3745 nulle
715 3704 748 3744 re
767 3689 955 3746 confirmetur.
993 3687 1055 3746 Nec
1073 3687 1228 3762 quidquam

248 3778 364 3838 omnino
381 3779 483 3856 video,
502 3778 579 3854 quod
597 3793 678 3837 meae
697 3779 857 3838 sententiae
873 3777 968 3854 possit
992 3776 1087 3849 objici.
1127 3780 1227 3838 Caete-
