2776 4582
639 218 975 328 ...pp-'-

266 423 386 503 ptoris.”
403 451 442 470 -·
477 423 582 485 Aaou
604 426 681 486 inter
704 429 761 487 alia
786 429 857 486 haee
881 426 983 486 babet:
1014 429 1162 505 „Fannius
1186 432 1242 489 iste

265 520 356 577 malus
374 520 462 593 poeta
479 517 548 593 t’uit,
567 519 618 593 qui
636 533 701 580 eum
724 522 811 578 antea
833 519 1054 594 contempsisset
1072 521 1167 579 datam
1185 523 1243 580 sibi

265 609 419 682 imaginem
436 623 455 666 a
473 609 597 688 Senatu,
621 613 723 684 postea
748 610 816 668 dum
839 613 998 668 moreretur
1015 610 1116 688 petiit,
1140 614 1173 668 ut
1191 610 1243 670 de·

262 701 329 760 tatis
347 699 380 758 in
396 699 542 774 publicum
559 703 655 774 eapsis
672 701 735 758 suis
745 713 815 760 enm
834 700 960 776 propriis
976 701 1057 758 tibris
1075 701 1246 783 ineendera7

264 792 329 849 tur'’
347 794 392 848 et:
412 791 560 867 „Fannius
579 791 743 860 Quadratus
767 803 805 848 oo
828 795 959 867 tempore
980 793 1110 863 satyram
1135 791 1241 864 seribe-

261 883 314 940 bat
331 884 362 939 et
380 885 443 938 erat
460 883 524 939 sine
541 883 650 940 liberis.
686 882 780 955 Hujus
797 883 938 954 imagines
956 885 988 940 et
1003 882 1094 941 libros
1110 883 1242 940 baeredi-

263 975 349 1046 petne
375 971 408 1029 in
436 971 566 1046 publicas
594 969 785 1030 bibliothecas
818 973 998 1050 referebant,
1030 973 1110 1030 nullo
1139 973 1243 1030 meiito

262 1063 415 1121 doctoris.'’
451 1065 532 1121 Haeo
549 1079 624 1138 quae
643 1063 761 1121 uadunt
778 1063 882 1126 Seboli.
907 1067 1040 1139 apertum
1064 1066 1186 1122 estnon
1203 1080 1242 1120 ex

259 1154 375 1218 Horatii
398 1153 511 1231 verbis,
538 1155 591 1213 sed
614 1169 653 1212 ex
671 1155 865 1229 antiquiorum
888 1155 1080 1228 interpretum
1100 1169 1243 1214 oommeu-

260 1245 359 1321 iuriis,
383 1246 506 1303 fortasse
530 1261 569 1302 ex
592 1247 678 1305 tibris
700 1249 738 1304 de
758 1248 896 1319 personis
918 1247 1097 1304 Horatianis
1114 1244 1242 1321 seriptis,

259 1335 430 1412 deprompta
447 1337 479 1394 et
496 1337 614 1395 enotata
631 1351 697 1395 esse
712 1331 750 1417 ¹).
787 1335 850 1398 Neo
873 1339 971 1398 tamen
993 1349 1167 1409 magnopere
1194 1334 1243 1394 bis
1281 1375 1298 1392 κ

324 1607 354 1668 7)
370 1603 483 1654 Laudant
498 1602 545 1651 too
564 1611 626 1663 opus
646 1601 735 1664 passim
752 1597 911 1652 adduae.
942 1599 1079 1663 Ponitur.
1097 1600 1130 1650 sd
1145 1602 1199 1652 Sat.
1215 1601 1243 1660 1,

257 1675 282 1722 a.
299 1672 344 1722 at:
361 1671 424 1730 „Qui
439 1670 472 1720 de
487 1669 596 1733 personis
611 1666 752 1716 Horatianis
766 1668 926 1730 seripserunt,
943 1669 1011 1732 ajunt
1026 1667 1147 1718 Maenium
1162 1670 1242 1716 oaet.”

258 1743 283 1786 et
299 1736 358 1786 ibid.
375 1751 399 1785 v.
416 1735 471 1785 tit:
493 1735 555 1795 „Qui
578 1733 609 1782 de
630 1733 739 1798 personis
755 1733 894 1784 Horatianis
910 1733 1058 1795 tempserunt
1073 1735 1140 1798 ajunt
1155 1732 1242 1782 Evau-

257 1801 340 1852 11118
357 1803 419 1851 eaet.
450 1799 531 1850 Sehot.
556 1795 637 1864 011111.
659 1799 692 1847 ad
712 1799 765 1848 Sat.
786 1797 816 1857 1,
839 1799 863 1847 9.
885 1797 925 1849 91.
958 1799 1076 1862 Porphyr.
1096 1798 1129 1847 ad
1145 1801 1200 1848 Sat.
1215 1799 1230 1850 1
1286 1821 1292 1832 ·

256 1869 282 1920 1.
299 1865 369 1919 tua:
390 1865 457 1934 ,autb
472 1864 621 1918 miramus
636 1866 738 1918 renem
753 1867 814 1916 Μ’
846 1865 971 1928 umqum
991 1870 1187 1916 menonem
1208 1867 1240 1915 ab

256 1936 367 1988 nemis
382 1935 500 2002 Acrone,
517 1947 587 1998 quern
603 1931 769 1996 Porphyrione
785 1931 943 1993 antiquiorem
964 1931 1040 1980 tuisse
1056 1935 1122 1980 certo
1138 1933 1241 1992 seimns3

257 2016 313 2051 nam
328 1997 364 2050 Po
394 1999 479 2064 byriou
495 2011 553 2047 neus
570 2002 608 2048 est
624 1997 686 2046 iltius
703 1997 890 2055 commentariis,
906 1998 959 2059 ipso
976 2000 1040 2046 teste
1055 1997 1088 2046 ad
1104 1999 1158 2046 Sat.
1173 1999 1199 2058 1,
1215 1997 1252 2048 8..

257 2065 311 2118 ab:
328 2101 348 2134 „
380 2069 458 2117 mimi
468 2077 510 2116 sse
525 2065 613 2129 team
627 2063 703 2126 opud
717 2064 854 2114 Heleatstm
870 2061 1012 2128 Hermon,
1027 2064 1149 2126 signnm
1164 2063 1241 2113 tuisse

256 2135 352 2184 nomine
368 2133 478 2182 tiberem
493 2131 618 2192 Pomponii
634 2131 768 2188 moetoris,
785 2129 825 2190 qui
840 2129 999 2178 atriumviris
1015 2133 1054 2176 est
1068 2131 1240 2192 proscriptus-'¹
1260 2143 1263 2148 '

257 2204 283 2248 et
298 2199 331 2248 ad
347 2198 400 2246 Sat.
416 2197 441 2255 2,
458 2198 481 2248 9.
498 2196 551 2246 Sia
569 2193 701 2256 „Anticyra
717 2198 742 2242 et
758 2191 870 2255 oppidum
886 2196 912 2241 et
927 2193 1005 2241 iusum
1021 2193 1066 2244 boo
1082 2196 1185 2255 nomine,
1202 2195 1239 2243 si-

256 2268 298 2314 eut
313 2261 435 2313 Heleotus
450 2261 577 2310 testatum·
590 2288 625 2298 —
656 2259 748 2309 Acron
765 2263 789 2306 et
804 2259 857 2320 ipse
872 2258 978 2321 antiquis
993 2259 1061 2308 tibris
1076 2273 1135 2308 usus
1151 2263 1198 2320 est,
1212 2260 1240 2310 id

256 2329 320 2394 quod
335 2327 486 2378 mumurati
502 2331 549 2375 art.
564 2330 630 2390 poet.
645 2325 718 2376 itta
737 2323 826 2387 ‚Apud
845 2326 1079 2378 ommium
1101 2328 1139 2378 sie
1155 2328 1240 2378 ionem

255 2397 379 2446 retatum''
395 2399 421 2444 st
436 2395 469 2444 sd
483 2396 538 2442 Sat.
554 2393 584 2453 1,
601 2394 626 2441 i.
643 2393 683 2442 97.
703 2392 791 2452 „naris
806 2390 894 2440 civius
909 2391 1010 2454 Apuliae
1027 2407 1090 2456 quae
1105 2394 1240 2458 appellatur

255 2464 353 2514 Barium
367 2463 395 2512 et
410 2460 513 2510 Abdaris
529 2457 616 2508 dieitur
631 2457 761 2520 hodieque,
784 2461 811 2505 nt
832 2457 894 2505 dixit
912 2459 1108 2522 mammutium
1130 2459 1239 2510 Tmou-

255 2527 339 2581 stus.'’
355 2553 389 2565 —
427 2525 478 2577 Sed
498 2527 562 2590 quod
582 2525 661 2574 Aeron
686 2525 761 2574 tibrus
782 2523 814 2572 de
834 2523 944 2586 persam·
965 2523 1107 2574 Horatianis
1133 2527 1238 2588 seriptos
1306 2530 1309 2546 ¹

254 2607 372 2657 usqum
386 2595 459 2653 uitet,
480 2593 537 2642 indo
559 2592 688 2642 vetetur.
701 2594 768 2654 poet.
782 2589 826 2640 ssi.
842 2606 867 2654 p.
882 2589 940 2642 991.
954 2595 1007 2642 noe
1023 2589 1048 2642 1.
1069 2593 1166 2654 roitesit
1179 2590 1239 2640 iilud

253 2675 317 2726 opus
330 2662 364 2710 sb
379 2661 433 2723 ipso
448 2659 550 2709 Hetenio
567 2659 722 2722 conpositum
738 2671 800 2708 esse.
834 2658 902 2710 Quae
913 2659 1051 2722 conjectura
1066 2658 1123 2705 inde
1134 2658 1238 2705 tortasse

239 2729 375 2843 nou
384 2721 1238 2852 ueuutuuuuudaituue:uzani

376 2807 402 2841 er

254 2862 292 2912 ita
306 2861 427 2924 pineus
441 2859 467 2908 is
479 2858 541 2908 heis
553 2859 621 2908 sotus
635 2857 790 2919 praenomina
805 2859 832 2906 et
853 2853 993 2914 oognoninu
1013 2850 1087 2902 babet
1102 2852 1142 2914 (et
1157 2867 1189 2904 ex
1206 2869 1238 2902 eo

255 2942 319 2994 quse
334 2927 456 2976 tiuxeruut
469 2923 568 2973 Subotis
584 2923 683 2986 Cruq.);
699 2922 777 2974 Aaron
793 2920 931 2984 simpliciter
945 2913 1018 2966 affert
1035 2932 1121 2968 nomen
1137 2920 1236 2982 gentiti-

191 3009 201 3020 ·
255 2995 331 3054 oium,
346 2991 429 3042 neseio
445 3005 477 3040 sn
492 2993 622 3054 propterea
643 2988 706 3051 quod
727 2987 865 3050 diligentius
885 2983 933 3033 ise
948 2983 980 3032 de
995 2997 1023 3033 re
1036 2985 1063 3032 iu
1078 2986 1140 3035 tibro
1155 2987 1237 3048 atiquo

253 3057 286 3111 ee
301 3060 411 3123 personis
426 3057 567 3107 Hontieois
584 3049 715 3120 eompssito
726 3056 878 3119 exposuerat
908 3051 1049 3116 &opunti
1061 3053 1236 3113 maioui-

254 3140 331 3188 sqoe
352 3126 450 3184 &botis
468 3124 504 3172 sd
524 3126 578 3174 ὃν.
594 3123 614 3182 1,
630 3123 654 3172 1.
670 3122 728 3172 191.
749 3123 769 3182 1,
785 3120 809 3171 1.
826 3121 867 3170 m
888 3119 949 3178 1‚2.
965 3117 997 3168 91
1015 3122 1041 3168 et
1057 3117 1098 3166 eo.
1114 3119 1134 3178 Ι,
1151 3120 1175 3168 9.
1192 3117 1235 3166 81.

254 3192 276 3250 1,-
291 3193 317 3241 o.
333 3193 374 3242 12,
390 3191 410 3252 Ι,
427 3193 452 3243 8.
469 3192 509 3242 99.
526 3191 545 3250 i,
563 3187 603 3238 lu
620 3189 644 3238 9.
660 3189 679 3250 1,
696 3189 738 3240 1⁰.
754 3187 795 3239 17.
811 3183 831 3246 Ι,
847 3184 888 3234 1⁰.
905 3184 945 3234 99.
958 3187 983 3234 et
993 3183 1034 3234 98.
1050 3183 1081 3243 ΙΙ,
1099 3184 1122 3236 9.
1140 3184 1180 3233 oo.
1193 3184 1234 3232 os.

255 3257 313 3307 919.
330 3259 400 3320 epist.
413 3257 446 3316 1,
461 3255 524 3306 91.
540 3253 569 3314 1,
584 3255 610 3305 2.
622 3256 664 3305 98.
679 3255 710 3315 1,
727 3257 751 3304 9.
762 3253 787 3302 1.
803 3249 842 3299 od-
859 3251 883 3308 9,
899 3251 923 3300 9.
935 3251 977 3300 88.
1009 3251 1139 3299 Caeterum
1155 3249 1235 3297 Aeroo

253 3323 521 3376 homimem
536 3319 570 3370 ut
585 3323 656 3385 epist.
671 3323 698 3380 9,
713 3321 738 3370 1.
754 3318 824 3368 9981
844 3317 965 3376 „druesu
981 3321 1061 3368 asten
1076 3316 1140 3368 iiten
1155 3316 1235 3378 signi·

254 3389 326 3449 tus,
341 3389 407 3453 quod
421 3393 448 3436 et
461 3389 608 3454 primitivum
624 3389 689 3450 mus,
704 3400 722 3432 a
738 3397 784 3446 quo
806 3382 931 3434 derivatur
946 3385 963 3436 1.
981 3398 1003 3432 e.
1019 3397 1099 3430 arceo.
1125 3380 1176 3432 Sed
1191 3396 1235 3430 se-

253 3455 358 3506 eundum
373 3455 522 3504 Priscianum
543 3467 639 3504 arcesso
663 3451 730 3500 venit
750 3449 781 3497 ab
803 3453 911 3512 aree0.,”
930 3449 1019 3500 Scitot-
1037 3447 1116 3512 biatu.
1137 3447 1170 3496 ad
1193 3447 1242 3500 od..

252 3524 320 3583 9,*1.
335 3525 360 3573 9.
399 3521 551 3572 HM:
570 3519 702 3579 ‚uermes
721 3515 875 3579 mutuae
895 3515 997 3581 pontu
1016 3524 1090 3577 qun
1110 3513 1236 3578 punitor
1268 3545 1276 3552 -

253 3593 349 3640 hoissi
363 3587 487 3639 motos
500 3586 535 3636 sit
544 3583 689 3647 'nmpstu
709 3585 829 3643 Quintus,
848 3588 913 3634 testo
927 3583 1029 3641 Donato,
1049 3582 1113 3632 sieut
1127 3582 1235 3630 ω’·

254 3657 425 3720 Pomdfflion
438 3653 523 3702 mus·
539 3651 650 3703 Horatii
664 3651 776 3714 seripsit,
792 3650 856 3714 quod
870 3649 1011 3710 intelligitur
1027 3659 1058 3696 ex
1075 3649 1127 3709 eius
1143 3647 1235 3695 sehoiio

254 3723 288 3772 ad
303 3724 356 3772 Sat.
368 3721 391 3781 i,
408 3721 432 3772 6.
449 3717 489 3768 u.
505 3715 597 3777 „Petu
612 3717 723 3766 libertino
734 3722 815 3766 uatum
831 3731 886 3765 esse
895 3715 1028 3774 Horatium,
1042 3717 1070 3763 et
1085 3713 1111 3763 iu
1125 3723 1235 3765 narra·

254 3791 338 3855 tione,
355 3800 435 3853 enon
449 3783 485 3837 dc
498 3785 558 3838 uita
570 3785 654 3850 ipsius
669 3781 759 3848 hbui,
773 3782 891 3832 meu:
