2776 4582
513 267 516 280 ’
574 331 643 352 ...
674 301 736 368 ras
765 335 805 346 -

215 459 462 524 0001ιο010000.π
500 465 536 521 cf.
557 464 665 522 Grotef.
685 481 714 539 p.
734 465 797 525 402
809 465 896 522 b
914 463 1025 534 Quodsi
1048 467 1137 539 igitur
1156 423 1195 526 (10

215 560 309 616 aetate
328 555 414 628 hujus
433 554 520 629 spodi
539 555 610 612 satis
627 556 734 632 liquet,
759 573 819 615 non
842 571 916 630 opus
942 558 988 613 cst
1007 556 1064 614 alia
1088 559 1192 618 afferre
1282 608 1286 622 .

214 649 390 718 argumenta.
434 645 491 702 Sed
518 639 621 704 faciam
650 649 756 704 tamen
793 647 869 706 Nam
893 662 1010 704 carmen
1033 651 1101 721 post
1126 665 1198 712 ann.

214 738 278 794 720.
298 738 462 811 scriptum
455 753 519 792 esse
538 738 659 794 efficitur
677 740 739 796 tum
757 737 836 796 inda
834 737 940 814 ,quod
958 738 1073 812 posta
1060 755 1122 809 Jam
1139 741 1194 797 vil

213 828 271 883 lam
294 829 424 902 possedit
442 822 485 905 (v.
505 822 585 908 41.),
617 831 679 884 tum
707 829 820 902 quod
811 817 843 885 1'n
871 829 1043 902 quibusdam
1061 829 1194 891 versibus

214 918 289 990 mira
311 923 356 976 ast
381 917 536 976 similitudo
560 934 710 995 versuum,
734 920 786 995 qui
804 919 836 976 in
854 919 951 977 satiris
976 922 1039 976 tum
1056 919 1128 976 ortis
1152 920 1195 976 le·
1229 943 1232 952 ·

213 1013 327 1080 guntur.
366 1011 401 1082 cf.
420 1026 448 1065 v.
468 1009 513 1074 40.
534 1011 563 1064 et
582 1010 640 1066 Sat.
660 1009 695 1086 2,
723 1010 749 1068 4.
775 1010 820 1067 32.
846 1009 881 1087 8,
906 1010 953 1067 27.
978 1039 1018 1054 -·
1041 1028 1068 1067 v.
1088 1009 1134 1068 50.
1164 1011 1195 1070 ct

213 1101 272 1156 Sat.
291 1099 320 1175 2,
339 1098 366 1155 2.
386 1099 431 1158 22.
451 1100 478 1176 4,
498 1100 543 1156 30.
562 1131 601 1144 -
618 1118 645 1157 v.
666 1101 710 1160 51.
731 1104 762 1158 ct
780 1101 838 1160 Sat
858 1101 885 1158 2.
912 1103 943 1157 et
967 1101 1025 1159 Sat.
1045 1097 1080 1178 2,
1099 1102 1126 1160 4.
1146 1101 1193 1160 05.
1246 1111 1254 1134 ·

212 1189 654 1270 rvwsrsatasaa-

286 1355 456 1440 EPODUS
474 1351 538 1416 111.
569 1363 734 1437 „Parentis
751 1360 842 1418 oltm”
879 1359 1042 1443 Maecenati
1070 1359 1194 1447 dicatus,
1310 1351 1318 1358 ⁵

212 1448 262 1523 qui
280 1433 445 1533 Horatium
449 1451 525 1508 inter
544 1453 644 1525 epulas
660 1451 760 1524 posito
780 1451 846 1508 alli'o
865 1452 958 1508 facete
976 1453 1100 1538 luserat,
1126 1467 1194 1526 pro·

212 1541 303 1611 pterJ
298 1539 450 1624 ocularem
475 1544 506 1598 et
529 1543 699 1600 familiarem
723 1559 756 1605 ra
756 1542 880 1618 tionem,
899 1558 963 1615 qua
986 1531 1078 1625 poeta
1092 1543 1204 1618 utitur„

122 1621 132 1700 ᾗ
163 1665 168 1682 .
212 1617 289 1685 haud
318 1618 423 1716 exiguo
452 1635 590 1706 temporis
619 1634 715 1718 spatio
742 1635 811 1707 post
839 1649 925 1722 quam
953 1635 984 1692 in
1014 1634 1194 1692 Maecenatis

212 1711 366 1782 amicitiam
384 1709 510 1781 adscitus
530 1726 584 1800 est,
605 1741 674 1796 ergo
694 1711 841 1798 aliquanto
859 1727 928 1808 post
945 1725 1063 1781 mitium
1080 1742 1106 1788 a
1127 1711 1192 1780 717.

212 1811 335 1884 scriptus
354 1830 418 1870 esse
438 1814 533 1869 debet.
571 1815 636 1868 Jam
655 1831 721 1870 cum
739 1831 755 1868 0
774 1830 817 1870 vs.
839 1814 876 1870 19
888 1830 931 1886 sq
954 1803 1094 1899 appareat
1112 1816 1194 1876 Mae·

212 1903 343 1956 cenatem
367 1891 454 1957 etiam
478 1904 540 1956 tum
564 1891 703 1958 caelibem
726 1903 832 1978 fuisse,
861 1916 915 1958 nec
944 1904 1013 1960 dum
1043 1891 1197 1961 adamasse

212 1989 387 2066 Terentiam,
408 1990 550 2064 siquidem
568 1993 665 2064 puella
683 2009 749 2050 cum
767 2009 802 2048 οο
821 1992 853 2048 in
865 1993 997 2051 convivio
1010 1994 1193 2051 discumbens

210 2095 271 2136 non
287 2083 370 2155 facile
389 2082 523 2138 convenit
540 2083 654 2160 marito,
673 2087 752 2140 recte
765 2071 945 2141 observante
948 2087 1070 2144 Kirchn.
1080 2090 1191 2162 quaest.
1274 2147 1275 2150 ,

210 2189 239 2245 p.
260 2171 304 2228 28.
325 2170 353 2249 ξ.
375 2173 420 2229 52.
439 2205 478 2218 -
494 2189 553 2230 non
580 2174 669 2244 igitur
693 2174 855 2232 audiendus
880 2176 981 2235 Schola
1002 2178 1113 2255 Aaron,
1141 2178 1196 2252 qui·

211 2262 374 2320 tacentibus
403 2264 524 2321 caeteris
563 2264 641 2322 solus
675 2266 775 2322 retulit
802 2283 829 2322 v.
859 2265 920 2324 22:
941 2337 945 2350 .
963 2269 1114 2344 „Quidam
1140 2285 1193 2326 ro·

208 2352 272 2409 lunt
289 2355 454 2412 Terentiam
473 2356 662 2413 concubinam
680 2357 858 2415 Maecenatis
878 2375 945 2414 eum
964 2359 1123 2430 significare
1142 2377 1193 2418 ro·

209 2444 326 2502 luisse.''
344 2464 383 2490 -·
401 2433 511 2520 epddus
529 2447 632 2518 nequit
651 2451 718 2518 post
736 2465 762 2504 a.
783 2449 847 2520 720.
873 2451 1008 2504 exaratus
1027 2467 1109 2526 esse,
1123 2465 1193 2524 ‘quo

210 2535 364 2593 Maecenas
382 2537 535 2592 Terentiae
561 2552 658 2592 amore
684 2536 746 2605 jam
772 2552 925 2610 percussus
953 2537 1042 2595 fuisse
1067 2539 1192 2618 ridetur,

210 2625 324 2682 etiamsi
353 2643 417 2682 eam
435 2625 562 2682 nondum
587 2626 618 2682 in
646 2626 860 2684 matrimonium
888 2627 1011 2684 duxerit.
1050 2631 1085 2688 ci.
1105 2631 1190 2708 epod.

211 2715 753 2792 QRMWffipmpffl

283 2808 443 2870 Nescimus*
466 2806 580 2882 quando
608 2809 744 2866 Terentia
771 2811 943 2870 Maecenati
961 2811 1110 2887 nupserit,
1139 2814 1192 2872 sed

209 2902 348 2970 nupserat
362 2899 424 2969 jam
442 2917 468 2956 a.
488 2900 563 2976 725.,
583 2902 616 2955 ut
633 2902 715 2973 patet
733 2917 771 2957 ex
789 2902 883 2977 00102,
898 2903 943 2958 12.
958 2902 1002 2958 13.
1015 2898 1067 2983 (bl.
1077 2903 1189 2962 Weich.

133 2973 140 2996 ¹
210 2995 239 3062 p‘.
268 2991 319 3045 rel.
348 3006 377 3062 p.
405 2991 460 3046 462
490 2985 552 3071 sq.)
581 2992 610 3046 ct
646 2990 838 3048 divinationis·
868 2993 1035 3064 adJumento
1074 2993 1192 3066 probari

211 3081 321 3154 potest,
340 3081 539 3139 Maecenatem
557 3084 624 3154 post
641 3099 667 3136 a.
686 3082 800 3138 demum
812 3084 875 3140 720.
889 3085 1006 3156 nuptias
1020 3084 1189 3160 celebrasse?
1250 3095 1251 3101 ’

210 3170 268 3226 Res
287 3169 358 3228 hace
378 3174 431 3228 est.
471 3174 576 3230 Caesar
595 3173 785 3249 Octavianus,
811 3189 897 3246 quem
921 3175 1073 3232 Terentiae
1092 3193 1203 3234 amore·

211 3251 324 3334 semper
342 3263 478 3330 flagrasse
498 3265 618 3338 constat,
639 3263 789 3337 deperibat
809 3280 872 3320 cam
890 3282 917 3321 a.
937 3265 1000 3322 720.
1021 3267 1055 3322 ef.
1075 3267 1187 3324 Weich.

209 3366 238 3423 p.
257 3351 308 3407 rel.
326 3367 356 3424 p.
376 3353 438 3409 471.
463 3357 523 3410 not.
544 3355 589 3410 51.
627 3354 703 3412 Nam
726 3356 775 3412 illo
804 3357 865 3412 lere
889 3359 1019 3431 tempore
1043 3358 1188 3415 Antonius

210 3441 368 3500 Octaviano
392 3443 467 3500 inter
491 3444 547 3500 alia
576 3447 676 3518 stupra
702 3445 835 3502 illicitum
863 3448 1053 3506 Terentillac·
1066 3449 1199 3520 alicujus·

209 3548 335 3590 amorem
354 3532 459 3605 objecit
477 3533 509 3590 in
528 3535 666 3612 epistola,
687 3553 773 3610 quam
792 3525 908 3595 Sueten.
929 3540 1028 3597 Octav.
1054 3539 1098 3592 60.
1126 3554 1201 3594 ser-·

209 3625 296 3680 vavit.
334 3627 414 3682 llaec
432 3628 528 3682 aulem
546 3626 799 3685 Terentillahaud
819 3629 905 3685 dubie
918 3626 1116 3697 intelligenda
1140 3631 1201 3684 est⁴

209 3713 359 3792 Terentia,
380 3732 453 3789 quae
472 3718 574 3789 postea
592 3716 768 3774 Maecenatis
787 3735 860 3776 uxor
878 3721 961 3776 facta.
999 3718 1127 3789 Eamque
1146 3717 1184 3776 ob

209 3802 302 3876 ipsam
319 3807 443 3880 nominis
459 3806 698 3880 ,termina-tionem
722 3809 869 3884 probabile
895 3808 1063 3866 esttenete
1087 3808 1184 3868 admo·
