2792 4576
653 295 859 362 ...34-

264 456 303 516 ad
315 455 503 516 dmmadoam
514 458 635 516 turmam
645 458 777 532 proxime
791 457 912 536 accedit,
930 455 1005 516 libro
1019 457 1148 516 secundo
1162 458 1250 516 inier-

264 543 387 623 posoitt
423 547 534 618 Quidni
551 561 652 605 omnes
679 550 832 608 Sermones
859 565 918 606 uno
946 564 1065 622 corpore
1095 548 1251 626 evulgavit,

264 655 330 696 cum
353 653 535 712 nequaquam
558 638 617 713 ipsi
641 639 798 697 verendum
822 642 916 716 esset,
940 656 979 697 ne
1001 639 1087 696 nimis
1106 655 1250 696 accresce-

264 732 311 788 ret
328 725 439 804 opust.
458 730 570 786 Eumne
588 745 648 786 non
665 730 816 788 festinasse
826 730 1000 807 editionem,
1020 729 1066 786 cui
1083 747 1169 788 curae
1188 744 1250 787 cor-

265 821 352 894 dique
371 836 436 876 esae
455 818 572 896 debuit,
591 824 632 884 ut,
643 818 822 898 Maecenati,
841 821 1016 879 amicissimo
1029 820 1145 897 fautori,
1164 835 1251 895 quam
1363 829 1367 902 j

264 909 431 968 maturrime
450 912 563 980 gratum
576 910 707 990 ,animum
725 911 833 983 insigni
851 913 947 987 aliquo
969 914 1000 969 et
1016 911 1132 985 publico
1150 926 1251 968 monu-
1274 916 1277 922 '

264 1003 361 1058 mento
380 1001 550 1076 testaretur,
570 1003 601 1057 et
619 1003 652 1057 ut
664 1018 715 1059 eae
728 1002 910 1078 potissimum
920 1003 1047 1079 eclogae,
1066 1016 1140 1076 quae
1157 999 1251 1057 nbvae

264 1091 363 1167 poesis
387 1091 583 1148 defensionem
607 1092 813 1171 continerent,
828 1094 956 1152 omnium
973 1093 1105 1152 manibus
1123 1093 1251 1148 tereren-

265 1177 333 1250 tort
369 1181 480 1246 Eumne
505 1197 559 1256 per
584 1181 755 1241 decennium
779 1188 809 1243 et
834 1184 911 1260 quod
935 1185 1064 1242 excurrit
1082 1182 1168 1240 fando
1187 1184 1250 1238 tau·

264 1277 326 1342 idm
347 1274 382 1340 bi
411 1269 555 1330 suffiendo
583 1275 672 1346 volgo
701 1275 883 1335 innotescere
914 1275 1021 1349 scripta
1050 1290 1103 1330 sua
1133 1286 1251 1346 passum

263 1363 372 1439 tissa.
396 1378 493 1437 utqui
529 1365 742 1440 exemplaribus
776 1367 831 1424 fide
869 1365 1021 1438 descriptis
1055 1361 1251 1420 mutilationes

263 1453 347 1514 lividi
375 1453 574 1524 Pantillierum
607 1458 703 1527 gregis
741 1461 771 1515 et
807 1457 1028 1530 depravationes
1066 1453 1166 1510 scdulo
1204 1467 1251 1508 oa·

264 1539 362 1614 vimet
415 1545 529 1612 Eumne
557 1545 652 1615 legem
684 1562 771 1618 quam
803 1548 906 1618 postea
934 1547 1065 1620 scripsit:
1092 1558 1251 1621 „conum-

173 1636 188 1702 ’,
264 1652 324 1712 pue
349 1641 508 1709 mutate
537 1637 571 1692 iu
601 1636 738 1693 anuum>
769 1633 843 1690 adeo
867 1635 899 1692 in
923 1625 1092 1693 Sermonum
1124 1633 1250 1691 editione

263 1727 418 1802 migrasse,
437 1727 486 1802 ut,
506 1723 532 1781 si
549 1725 697 1795 vulgarem
716 1725 846 1798 sequaris
864 1725 1015 1802 rationem,
1035 1726 1072 1783 ab
1091 1741 1169 1782 anno
1182 1740 1211 1780 u.
1225 1740 1250 1780 c.

263 1817 329 1874 tle.
348 1832 440 1890 usque
459 1815 497 1873 ad
515 1815 596 1891 726„
617 1814 643 1872 si
660 1831 720 1873 non
737 1816 770 1873 in
781 1815 894 1872 scriniis
907 1816 1087 1883 membranas
1100 1814 1250 1890 presserit,

265 1909 343 1968 certe
362 1922 542 1965 communem
553 1923 652 1964 aarum
662 1905 817 1964 lectionem
828 1901 1029 1979 prohibueriti
1066 1907 1251 1980 Mirumpro-

265 2001 341 2058 tcoto
358 1999 391 2055 ni
408 1999 481 2056 haec
500 2000 531 2053 et
548 1997 653 2054 similia
678 1997 749 2054 tolia
768 2013 832 2052 esse
852 1998 976 2072 sentias,
996 2012 1070 2069 quae
1088 2013 1148 2054 non
1159 1995 1252 2056 solum

265 2095 417 2163 utrumque
435 2088 542 2146 librum
559 2087 733 2160 conjunctim
750 2086 860 2159 publici
873 2086 948 2157 juris
967 2089 1074 2144 lactum
1087 2104 1152 2144 esse
1164 2088 1251 2144 rebe·

264 2182 377 2238 menter
407 2177 609 2254 dissuadeant,
641 2176 693 2234 sed
727 2177 900 2234 contrariam
933 2177 1022 2233 etiam
1050 2177 1193 2234 rationem
1220 2177 1252 2233 et

265 2269 432 2328 festinatam
456 2268 572 2326 omnino
598 2268 753 2324 editionem
778 2267 973 2342 comprobent.
1016 2266 1079 2324 Nec
1099 2266 1252 2340 quicquam

265 2363 369 2436 agunt,
389 2359 440 2433 qui
459 2362 492 2415 ut
510 2375 594 2416 suum
611 2357 665 2414 tibi
683 2357 838 2415 obtrudant
856 2357 895 2416 ad
911 2356 1094 2415 notissimum
1111 2359 1192 2416 illum
1209 2356 1251 2414 lo·

265 2467 331 2509 oum
345 2452 519 2526 provocant,
539 2449 590 2524 qui
607 2450 652 2505 est
669 2448 702 2504 in
720 2448 778 2506 Sat.
799 2448 826 2525 l,
846 2449 873 2504 4.
893 2449 955 2512 ils

412 2543 509 2600 Nullo
524 2541 653 2598 cauam
670 2554 751 2598 coeco
768 2540 880 2599 habeut
895 2557 995 2616 neque
1009 2543 1076 2614 pila
1093 2540 1215 2616 libellos,

413 2632 488 2700 Quia
504 2647 617 2690 mamus
635 2633 757 2688 insudet
772 2632 855 2704 outpt
871 2633 1128 2707 Hermopem'spuc
1139 2632 1251 2705 tinelli,

267 2720 377 2778 scilicet
401 2721 438 2778 de
462 2720 606 2778 industria
629 2720 784 2779 reticentes
809 2737 883 2795 quae
911 2723 1010 2780 statim
1034 2722 1173 2794 sequntur
1191 2713 1249 2798 (vs.

266 2812 313 2870 73.
333 2813 364 2868 ct
383 2803 463 2889 il.)t

413 2902 478 2960 Neo
496 2903 617 2960 recitem
636 2889 857 2976 mancipata·
877 2903 991 2977 amima,
1009 2901 1101 2974 idque
1119 2906 1250 2977 concute,

413 2993 484 3051 Noc
501 2992 599 3050 ubiuis
617 3007 756 3052 eorumve
773 2992 959 3068 puituettct.
977 3021 1017 3034 -

266 3079 343 3144 unde
362 3081 477 3140 abunde
496 3084 578 3157 patet
596 3084 707 3140 maturo
726 3083 881 3142 admodum
903 3084 1034 3154 tempore
1052 3081 1124 3138 baeo
1143 3082 1251 3156 scriptu

268 3186 349 3247 esse,
368 3187 426 3246 quo
438 3172 565 3230 nondum
575 3173 672 3247 ipsum
677 3173 764 3254 juvit
774 3177 1013 3251 ,dmmcmoruto
1028 3167 1173 3244 smerdem
1191 3173 1250 3230 Iu-

265 3263 374 3336 pcuuie
398 3266 550 3338 cestuque
574 3266 632 3339 lapi
655 3266 854 3336 munitusque
883 3266 1011 3338 tenct’,
1041 3265 1075 3320 ut
1098 3263 1141 3320 ait
1164 3262 1249 3337 epist.

269 3350 298 3427 l,
318 3349 363 3406 19.
374 3351 431 3426 33,
451 3367 564 3426 quoque
577 3357 712 3427 poemata
723 3351 850 3410 noudum
863 3352 1015 3428 descriptis
1028 3353 1250 3430 exemplaribus,

268 3438 322 3497 sed
337 3455 452 3496 rumore
470 3444 582 3498 tantum
600 3446 631 3499 et
648 3459 698 3499 ore
722 3441 868 3499 hominum
884 3446 1041 3518 propagata
1059 3445 1137 3518 apud
1148 3444 1251 3516 vulgus

57 3567 59 3576 ι
147 3555 152 3559 ·
267 3527 460 3588 innotuerant.
498 3533 595 3606 Atque
613 3549 679 3589 cum
697 3532 734 3588 ob
754 3533 826 3591 haec
844 3537 874 3590 et
892 3536 950 3592 alia
968 3535 1076 3592 indicia
1095 3534 1183 3594 satira
1200 3535 1251 3594 illa

269 3637 345 3684 auno
363 3620 427 3677 716.
446 3621 620 3692 assignanda
639 3622 692 3680 sit:
715 3639 810 3681 nemo.
824 3624 907 3682 facile
931 3626 1081 3699 negaverit
1101 3625 1251 3684 Horatium

269 3714 337 3784 post
353 3710 508 3768 triennium
526 3712 586 3770 tere
614 3711 650 3769 de
674 3718 838 3788 poematum
862 3715 988 3774 editione
1012 3717 1097 3789 longe
1121 3718 1250 3792 potuisse

187 3865 190 3877 Ι
269 3802 354 3860 aliter
371 3801 486 3860 sentire.
523 3803 563 3859 Et
582 3807 688 3876 quanto
707 3806 800 3864 secius
815 3805 928 3878 judicat
946 3808 1004 3867 Sat
1018 3809 1047 3886 2,
1068 3809 1094 3867 1.
1114 3809 1176 3868 ttae
