2792 4576
606 268 814 334 *4⁰*-

259 489 263 498 ·
358 431 1204 506 ,strimcuumoru-meuusueutauyereuamom
1258 406 1260 410 ¹
1331 515 1335 531 Ν

363 524 474 599 Flebit,
492 529 521 580 et
536 525 706 596 inriguis
722 530 802 582 totu
820 522 1046 580 cantabitur
1063 524 1184 581 Μεθ’
1205 545 1215 554 ··

216 611 337 670 Etiamsi
361 612 450 684 igitur
473 611 538 668 aliis
564 614 653 672 satira
676 613 762 670 nimis
787 611 861 670 aeris
886 613 916 666 et
939 611 1060 668 mordax
1084 607 1127 694 (v.
1149 614 1203 694 l.),

216 700 281 762 aliis
301 703 413 760 sineri
431 705 461 758 et
479 704 620 773 gravitate
639 704 773 760 videatur
797 718 878 777 esse,
904 702 1018 758 etiamsi
1038 701 1088 773 jus
1112 707 1143 760 et
1156 704 1203 775 ju·

216 793 323 852 dicium
341 792 510 850 minitentur
528 794 578 852 alii
597 788 640 871 (v.
659 793 686 848 2.
706 785 784 871 81.),
810 790 861 846 alii
880 793 1013 850 exsilium
1031 795 1079 850 vel
1097 796 1203 852 favens

212 883 355 953 jacturam
378 899 529 956 procerum
553 885 680 942 viromm
707 880 898 940 vaticinentur
916 877 960 964 (v.
978 879 1141 965 59-61.):
1160 889 1203 942 ta·

215 990 282 1032 men
301 991 336 1030 ea
347 975 445 1032 omnia
456 993 488 1032 se
502 991 604 1050 parum
623 989 739 1047 curare,
759 972 867 1046 quippe
886 974 937 1048 qui
956 975 1203 1048 Caesarispatro-

215 1063 291 1122 cinio
311 1066 341 1121 et
359 1065 462 1140 plausu
481 1067 591 1123 truatur
610 1066 639 1120 et
659 1063 761 1135 dignos
781 1067 892 1122 tantum
917 1065 1080 1138 opprobriis
1104 1069 1204 1140 carpat
1329 1056 1332 1064 '

210 1159 348 1234 ,integer
365 1157 448 1231 ἕρπε»
467 1148 510 1232 (v.
531 1155 611 1212 83-
617 1148 689 1236 85..)
1212 1189 1214 1196 ·
1300 1163 1302 1172 ’

289 1249 370 1314 Quae
390 1263 455 1304 oum
473 1245 570 1304 omnia
586 1246 628 1302 ita
648 1246 756 1321 scripta
775 1248 849 1324 sint,
875 1250 907 1304 ut
931 1252 1034 1323 poetae
1053 1207 1204 1305 consilium

215 1354 251 1396 ea
269 1338 301 1394 in
319 1341 488 1398 cunctorum
506 1337 673 1411 adspectum
690 1337 841 1412 lucemque
859 1339 1024 1412 proterendi
1035 1355 1094 1396 non
1111 1339 1214 1412 possit

214 1445 274 1488 non
292 1447 448 1506 apparere:
468 1431 533 1505 quis
552 1427 668 1485 tandem
693 1429 806 1486 dubitet
831 1430 950 1486 satiram
974 1429 1106 1501 absoluto
1129 1429 1204 1486 libro

215 1523 357 1596 prooemii
380 1525 444 1580 loco
469 1519 596 1576 additam
620 1535 702 1595 esse,
733 1523 767 1575 ut
791 1522 853 1574 tum
878 1537 981 1576 caussa
1010 1521 1080 1577 novi
1107 1520 1217 1594 operis¹

215 1616 247 1670 et
264 1618 368 1687 poetae
387 1611 538 1668 consilium
556 1607 784 1685 explicarentur,
804 1610 892 1666 tum
883 1610 977 1684 miqui
995 1625 1135 1688 rumores,
1154 1610 1205 1684 qui

214 1703 329 1760 librol.
350 1701 429 1758 edito
448 1698 680 1776 increbruerant,
699 1696 908 1772 rejicerenturi

286 1793 390 1848 Restat
413 1793 446 1846 ut
469 1789 537 1847 libri
561 1791 584 1847 I.
611 1741 730 1848 satiiam
756 1793 800 1848 10.
833 1791 978 1864 epilogum
1009 1807 1074 1849 esse
1104 1793 1205 1866 paucis

142 1902 144 1905 ’
215 1882 381 1953 significem.
436 1881 543 1938 Merito
574 1883 733 1940 Weichert.
765 1882 803 1939 de
833 1883 901 1940 Var.
934 1885 966 1938 et
997 1882 1078 1940 Cass.
1103 1900 1132 1957 p.
1159 1884 1204 1940 49.

215 1989 279 2030 eam
298 1971 374 2028 dixit
392 1973 556 2047 apologiam
575 1973 736 2030 studiorum
754 1970 949 2045 poeticorum,
968 1973 1001 2030 in
1019 1988 1094 2046 quae
1113 1975 1206 2032 Hora-

214 2064 271 2120 tius
296 2063 334 2120 ad
357 2064 430 2122 illud
454 2080 545 2137 usque
571 2068 685 2137 tempus
709 2063 882 2120 incubuerit.
927 2063 1047 2120 Orditur
1071 2081 1089 2120 a
1108 2064 1206 2121 defen-

215 2156 295 2214 sione
311 2152 415 2224 judicii
434 2153 470 2209 de
489 2154 601 2211 Lucilio
620 2154 652 2209 in
670 2154 729 2210 Sat.
749 2154 776 2208 4.
796 2154 880 2228 faeti,
901 2153 979 2226 qued
997 2154 1133 2228 permulti
1151 2155 1206 2210 ini-

214 2262 270 2320 que
296 2244 430 2302 tulerant.
469 2243 537 2300 istis
563 2244 652 2314 igitur
676 2242 780 2299 Lucilii
805 2231 1028 2300 admiratoribus
1054 2246 1084 2300 et
1111 2260 1206 2302 novae

213 2335 310 2410 poesis
330 2334 463 2392 osoribus
488 2333 628 2408 illudens,
654 2349 740 2406 quam
758 2349 827 2390 vere
843 2333 1028 2410 judicaverit,
1048 2335 1079 2392 in
1097 2337 1206 2408 majore

214 2428 332 2498 eelogae
349 2427 433 2499 parte
451 2425 564 2498 probat
602 2426 676 2482 'l'um
695 2441 713 2481 a
731 2443 758 2480 v.
773 2425 818 2481 72.
839 2425 881 2482 ita
898 2424 1022 2484 inflectit
1034 2433 1205 2503 sermonem,

215 2522 261 2594 ut,
282 2518 351 2574 dum
369 2519 503 2574 accurate
523 2515 727 2590 eleganterque
747 2517 899 2574 scribendo
913 2533 1054 2574 summam
1072 2518 1206 2592 scriptori

213 2609 329 2666 laudem
347 2606 542 2682 quaerendam
566 2624 631 2664 esse
656 2607 841 2665 ostendit-
864 2624 923 2666 non
942 2608 1044 2667 turbae
1063 2611 1116 2668 sed
1134 2627 1205 2683 pau·

214 2715 313 2757 corum
332 2698 566 2770 eruditorumque
584 2699 724 2756 lecumm
742 2731 780 2742 -
798 2699 876 2756 viam
900 2700 957 2758 sibi
976 2703 1087 2758 sternat
1104 2698 1144 2756 ad
1161 2701 1205 2756 io-

166 2843 169 2850 .
214 2791 272 2847 tius
292 2789 398 2846 satirae
418 2803 566 2844 summam.
605 2788 732 2846 Insulsas
757 2790 836 2861 vulgi
860 2791 1055 2848 vellicationes
1075 2788 1116 2846 ait
1135 2805 1153 2844 a
1172 2806 1217 2846 se·

213 2897 251 2937 ne
270 2881 354 2938 flocci
368 2879 491 2954 quidem
509 2878 640 2934 habitum
659 2879 705 2934 iri.
743 2881 901 2946 Fautorem
925 2879 1021 2952 petius
1041 2878 1203 2938 doctorum·

214 2987 270 3045 que
290 2973 447 3029 arnicorum
465 2971 598 3044 plausum
618 2986 650 3026 se
677 2985 825 3042 quaerere.
865 2972 958 3036 Quem
982 2967 1009 3026 si
1032 2973 1202 3030 consecutus

213 3061 316 3137 luerit,
336 3062 479 3118 cumulate
499 3060 556 3118 sibi
575 3061 754 3118 satisfactum
774 3078 847 3118 esse.
885 3059 1025 3136 Proinde,
1044 3060 1095 3118 ubi
1108 3063 1203 3135 splen·

215 3102 316 3208 didani
336 3154 480 3210 lautorum
504 3168 641 3210 coronam
665 3169 684 3208 a
702 3169 729 3210 v.
750 3152 785 3209 81
807 3169 849 3225 sq.
876 3167 933 3224 qua
951 3166 1004 3237 par
1022 3154 1086 3208 erat
1103 3152 1202 3210 obser-

215 3241 313 3298 vantia
331 3243 528 3319 compellavit,
548 3243 644 3316 pergit
662 3260 680 3300 a
698 3261 725 3299 v.
746 3243 809 3299 98..

360 3362 398 3383 -.-
416 3333 526 3406 quitus
541 3335 633 3410 buce,
651 3341 725 3391 suut
739 3334 980 3408 qualiacunque,

361 3420 504 3480 Arrium
521 3427 625 3498 celim,
644 3426 807 3497 doliturus,
826 3426 854 3480 si
868 3427 1013 3496 placeant
1027 3445 1081 3500 ape

361 3515 500 3569 lictorius
517 3521 630 3572 uacua.
667 3515 814 3588 Demetri,
832 3520 934 3592 teque,
954 3518 1072 3594 lipetli,

363 3605 587 3675 Ducipulorum
604 3607 683 3662 luter
693 3601 790 3674 jubeo
806 3607 931 3678 plorare
948 3609 1115 3667 eatludrar.
1149 3647 1164 3670 2

249 3739 252 3752 .
362 3697 393 3771 1,
408 3711 503 3769 puer,
522 3701 614 3769 alque
631 3710 697 3752 mco
716 3697 792 3752 atus
810 3697 886 3755 baec
903 3699 1058 3757 subscribe
1076 3702 1182 3760 libello.

160 3858 165 3879 Ι
214 3787 372 3862 Quorsum,
393 3785 494 3844 amabo
514 3789 558 3864 te,
579 3785 650 3843 haec
670 3782 829 3860 spectanti
859 3789 917 3846 Gur
935 3791 1072 3863 patronos
1088 3794 1117 3848 et
1129 3793 1199 3852 ami·
