<?xml version="1.0" encoding="UTF-8"?>
<!DOCTYPE html PUBLIC "-//W3C//DTD XHTML 1.0 Transitional//EN"
    "http://www.w3.org/TR/xhtml1/DTD/xhtml1-transitional.dtd">
<html xmlns="http://www.w3.org/1999/xhtml" xml:lang="en" lang="en">
 <head>
  <title>
</title>
<meta http-equiv="Content-Type" content="text/html;charset=utf-8" />
  <meta name='ocr-system' content='tesseract 3.04.00' />
  <meta name='ocr-capabilities' content='ocr_page ocr_carea ocr_par ocr_line ocrx_word'/>
</head>
<body>
  <div class='ocr_page' id='page_1' title='image "./fastihoratiani00lachgoog_0079.png"; bbox 0 0 2792 4576; ppageno 0'>
   <div class='ocr_carea' id='block_1_1' title="bbox 134 227 1198 1107">
    <p class='ocr_par' dir='ltr' id='par_1_1' title="bbox 401 227 971 370">
     <span class='ocr_line' id='line_1_1' title="bbox 596 227 802 296; baseline -0.005 -15"><span class='ocrx_word' id='word_1_1' title='bbox 596 227 802 296; x_wconf 64' lang='lat'><strong>„72-</strong></span> 
     </span>
     <span class='ocr_line' id='line_1_2' title="bbox 401 335 971 370; baseline 0 -8"><span class='ocrx_word' id='word_1_2' title='bbox 401 335 416 370; x_wconf 73' lang='lat'><em>0</em></span> <span class='ocrx_word' id='word_1_3' title='bbox 969 349 971 362; x_wconf 87' lang='lat'><strong>.</strong></span> 
     </span>
    </p>

    <p class='ocr_par' dir='ltr' id='par_1_2' title="bbox 134 393 1198 1107">
     <span class='ocr_line' id='line_1_3' title="bbox 210 393 1198 471; baseline 0 -17"><span class='ocrx_word' id='word_1_4' title='bbox 210 411 325 456; x_wconf 88' lang='lat' dir='ltr'><strong>scenam</strong></span> <span class='ocrx_word' id='word_1_5' title='bbox 343 396 427 471; x_wconf 89' lang='lat' dir='ltr'><strong>quasi</strong></span> <span class='ocrx_word' id='word_1_6' title='bbox 445 394 587 470; x_wconf 78' lang='lat' dir='ltr'><strong>producit.</strong></span> <span class='ocrx_word' id='word_1_7' title='bbox 626 395 750 454; x_wconf 75' lang='lat' dir='ltr'><strong>Proinde</strong></span> <span class='ocrx_word' id='word_1_8' title='bbox 775 397 806 452; x_wconf 91' lang='lat' dir='ltr'><strong>et</strong></span> <span class='ocrx_word' id='word_1_9' title='bbox 824 395 917 452; x_wconf 88' lang='lat' dir='ltr'><strong>ortam</strong></span> <span class='ocrx_word' id='word_1_10' title='bbox 935 393 1198 470; x_wconf 83' lang='lat' dir='ltr'><strong>mulormatamqne</strong></span> 
     </span>
     <span class='ocr_line' id='line_1_4' title="bbox 209 486 1198 562; baseline 0 -18"><span class='ocrx_word' id='word_1_11' title='bbox 209 488 388 562; x_wconf 65' lang='lat' dir='ltr'><strong>epistolicam</strong></span> <span class='ocrx_word' id='word_1_12' title='bbox 416 486 519 561; x_wconf 90' lang='lat' dir='ltr'><strong>poesin</strong></span> <span class='ocrx_word' id='word_1_13' title='bbox 546 502 584 544; x_wconf 84' lang='lat' dir='ltr'><strong>ex</strong></span> <span class='ocrx_word' id='word_1_14' title='bbox 612 487 734 545; x_wconf 88' lang='lat' dir='ltr'><strong>Satirica</strong></span> <span class='ocrx_word' id='word_1_15' title='bbox 763 486 827 544; x_wconf 86' lang='lat' dir='ltr'><strong>dieo</strong></span> <span class='ocrx_word' id='word_1_16' title='bbox 858 487 892 543; x_wconf 87' lang='lat' dir='ltr'><strong>et</strong></span> <span class='ocrx_word' id='word_1_17' title='bbox 920 501 1099 544; x_wconf 88' lang='lat' dir='ltr'><strong>communem</strong></span> <span class='ocrx_word' id='word_1_18' title='bbox 1132 503 1198 544; x_wconf 87' lang='lat' dir='ltr'><strong>esse</strong></span> 
     </span>
     <span class='ocr_line' id='line_1_5' title="bbox 134 575 1196 653; baseline 0 -19"><span class='ocrx_word' id='word_1_19' title='bbox 134 625 138 635; x_wconf 86' lang='grc'><strong>,</strong></span> <span class='ocrx_word' id='word_1_20' title='bbox 208 577 358 651; x_wconf 83' lang='lat' dir='ltr'><strong>utriusque</strong></span> <span class='ocrx_word' id='word_1_21' title='bbox 387 577 522 634; x_wconf 83' lang='lat' dir='ltr'><strong>indolem.</strong></span> <span class='ocrx_word' id='word_1_22' title='bbox 570 577 652 645; x_wconf 85' lang='lat' dir='ltr'><strong>Quae</strong></span> <span class='ocrx_word' id='word_1_23' title='bbox 681 578 798 652; x_wconf 85' lang='lat' dir='ltr'><strong>quidem</strong></span> <span class='ocrx_word' id='word_1_24' title='bbox 825 575 857 632; x_wconf 88' lang='lat' dir='ltr'><strong>in</strong></span> <span class='ocrx_word' id='word_1_25' title='bbox 886 591 921 632; x_wconf 91' lang='lat' dir='ltr'><strong>eo</strong></span> <span class='ocrx_word' id='word_1_26' title='bbox 949 577 1113 650; x_wconf 89' lang='lat' dir='ltr'><strong>quaerenda</strong></span> <span class='ocrx_word' id='word_1_27' title='bbox 1141 579 1196 653; x_wconf 88' lang='lat' dir='ltr'><strong>ast,</strong></span> 
     </span>
     <span class='ocr_line' id='line_1_6' title="bbox 165 667 1197 742; baseline 0.002 -18"><span class='ocrx_word' id='word_1_28' title='bbox 165 712 173 725; x_wconf 73' lang='lat'><strong>.</strong></span> <span class='ocrx_word' id='word_1_29' title='bbox 208 667 286 742; x_wconf 91' lang='lat' dir='ltr'><strong>qnod</strong></span> <span class='ocrx_word' id='word_1_30' title='bbox 304 685 363 725; x_wconf 93' lang='lat' dir='ltr'><strong>non</strong></span> <span class='ocrx_word' id='word_1_31' title='bbox 381 670 574 726; x_wconf 53' lang='lat' dir='ltr'><strong>&amp;manorum</strong></span> <span class='ocrx_word' id='word_1_32' title='bbox 592 671 685 727; x_wconf 89' lang='lat' dir='ltr'><strong>solum</strong></span> <span class='ocrx_word' id='word_1_33' title='bbox 701 667 756 726; x_wconf 71' lang='lat' dir='ltr'><strong>&#39;sed</strong></span> <span class='ocrx_word' id='word_1_34' title='bbox 779 667 872 742; x_wconf 87' lang='lat' dir='ltr'><strong>ipsius</strong></span> <span class='ocrx_word' id='word_1_35' title='bbox 896 667 985 724; x_wconf 86' lang='lat' dir='ltr'><strong>etiam</strong></span> <span class='ocrx_word' id='word_1_36' title='bbox 1002 668 1118 726; x_wconf 77' lang='lat' dir='ltr'><strong>Horatii</strong></span> <span class='ocrx_word' id='word_1_37' title='bbox 1134 671 1197 726; x_wconf 87' lang='lat' dir='ltr'><strong>tota</strong></span> 
     </span>
     <span class='ocr_line' id='line_1_7' title="bbox 207 757 1196 837; baseline 0 -21"><span class='ocrx_word' id='word_1_38' title='bbox 207 759 324 816; x_wconf 86' lang='lat' dir='ltr'><strong>vivendi</strong></span> <span class='ocrx_word' id='word_1_39' title='bbox 342 760 433 837; x_wconf 88' lang='lat' dir='ltr'><strong>ratio,</strong></span> <span class='ocrx_word' id='word_1_40' title='bbox 458 776 569 837; x_wconf 89' lang='lat' dir='ltr'><strong>mores,</strong></span> <span class='ocrx_word' id='word_1_41' title='bbox 595 759 708 835; x_wconf 79' lang='lat' dir='ltr'><strong>studia,</strong></span> <span class='ocrx_word' id='word_1_42' title='bbox 733 757 914 816; x_wconf 88' lang='lat' dir='ltr'><strong>conditiones</strong></span> <span class='ocrx_word' id='word_1_43' title='bbox 932 759 1022 815; x_wconf 87' lang='lat' dir='ltr'><strong>veluti</strong></span> <span class='ocrx_word' id='word_1_44' title='bbox 1041 759 1073 816; x_wconf 92' lang='lat' dir='ltr'><strong>in</strong></span> <span class='ocrx_word' id='word_1_45' title='bbox 1096 759 1196 817; x_wconf 85' lang='lat' dir='ltr'><strong>tabula</strong></span> 
     </span>
     <span class='ocr_line' id='line_1_8' title="bbox 207 848 1198 926; baseline 0.001 -18"><span class='ocrx_word' id='word_1_46' title='bbox 207 849 401 924; x_wconf 78' lang='lat' dir='ltr'><strong>depinguntur</strong></span> <span class='ocrx_word' id='word_1_47' title='bbox 426 853 456 908; x_wconf 89' lang='lat' dir='ltr'><strong>et</strong></span> <span class='ocrx_word' id='word_1_48' title='bbox 480 851 523 908; x_wconf 88' lang='lat' dir='ltr'><strong>ita</strong></span> <span class='ocrx_word' id='word_1_49' title='bbox 549 850 760 926; x_wconf 76' lang='lat' dir='ltr'><strong>depinguntur,</strong></span> <span class='ocrx_word' id='word_1_50' title='bbox 790 852 831 906; x_wconf 58' lang='lat' dir='ltr'><strong>ut¹</strong></span> <span class='ocrx_word' id='word_1_51' title='bbox 848 849 933 909; x_wconf 89' lang='lat' dir='ltr'><strong>simul</strong></span> <span class='ocrx_word' id='word_1_52' title='bbox 957 855 988 908; x_wconf 85' lang='lat' dir='ltr'><strong>ct</strong></span> <span class='ocrx_word' id='word_1_53' title='bbox 1003 848 1150 922; x_wconf 67' lang='lat' dir='ltr'><strong>piscatorio</strong></span> <span class='ocrx_word' id='word_1_54' title='bbox 1167 857 1198 909; x_wconf 86' lang='lat' dir='ltr'><strong>ct</strong></span> 
     </span>
     <span class='ocr_line' id='line_1_9' title="bbox 205 939 1195 1016; baseline 0 -18"><span class='ocrx_word' id='word_1_55' title='bbox 205 943 317 1000; x_wconf 76' lang='lat' dir='ltr'><strong>idonea</strong></span> <span class='ocrx_word' id='word_1_56' title='bbox 334 941 468 1000; x_wconf 88' lang='lat' dir='ltr'><strong>dieantur</strong></span> <span class='ocrx_word' id='word_1_57' title='bbox 485 943 572 1000; x_wconf 86' lang='lat' dir='ltr'><strong>vitae.</strong></span> <span class='ocrx_word' id='word_1_58' title='bbox 610 940 859 1008; x_wconf 83' lang='lat' dir='ltr'><strong>Quemadmodum</strong></span> <span class='ocrx_word' id='word_1_59' title='bbox 877 941 966 1012; x_wconf 76' lang='lat' dir='ltr'><strong>igitur</strong></span> <span class='ocrx_word' id='word_1_60' title='bbox 983 939 1070 1016; x_wconf 85' lang='lat' dir='ltr'><strong>poeta</strong></span> <span class='ocrx_word' id='word_1_61' title='bbox 1087 941 1120 998; x_wconf 93' lang='lat' dir='ltr'><strong>in</strong></span> <span class='ocrx_word' id='word_1_62' title='bbox 1131 942 1195 998; x_wconf 89' lang='lat' dir='ltr'><strong>Ser·</strong></span> 
     </span>
     <span class='ocr_line' id='line_1_10' title="bbox 154 1031 1195 1107; baseline 0.002 -19"><span class='ocrx_word' id='word_1_63' title='bbox 154 1043 157 1046; x_wconf 87' lang='grc'><strong><em>·</em></strong></span> <span class='ocrx_word' id='word_1_64' title='bbox 204 1031 338 1089; x_wconf 89' lang='lat' dir='ltr'><strong>monibus</strong></span> <span class='ocrx_word' id='word_1_65' title='bbox 377 1033 518 1091; x_wconf 68' lang='lat' dir='ltr'><strong>ridendo.</strong></span> <span class='ocrx_word' id='word_1_66' title='bbox 536 1037 566 1091; x_wconf 89' lang='lat' dir='ltr'><strong>et</strong></span> <span class='ocrx_word' id='word_1_67' title='bbox 606 1032 774 1103; x_wconf 84' lang='lat' dir='ltr'><strong>castigando</strong></span> <span class='ocrx_word' id='word_1_68' title='bbox 808 1048 1013 1107; x_wconf 86' lang='lat' dir='ltr'><strong>perversurum</strong></span> <span class='ocrx_word' id='word_1_69' title='bbox 1047 1033 1195 1092; x_wconf 88' lang='lat' dir='ltr'><strong>huminum</strong></span> 
     </span>
    </p>
   </div>
   <div class='ocr_carea' id='block_1_2' title="bbox 202 1122 1383 1199">
    <p class='ocr_par' dir='ltr' id='par_1_3' title="bbox 202 1122 1383 1199">
     <span class='ocr_line' id='line_1_11' title="bbox 202 1122 1383 1199; baseline 0.001 -20"><span class='ocrx_word' id='word_1_70' title='bbox 202 1122 367 1180; x_wconf 86' lang='lat' dir='ltr'><strong>studiorum</strong></span> <span class='ocrx_word' id='word_1_71' title='bbox 384 1127 531 1184; x_wconf 84' lang='lat' dir='ltr'><strong>corrector</strong></span> <span class='ocrx_word' id='word_1_72' title='bbox 548 1125 658 1199; x_wconf 82' lang='lat' dir='ltr'><strong>linerat,</strong></span> <span class='ocrx_word' id='word_1_73' title='bbox 672 1123 726 1180; x_wconf 53' lang='lat' dir='ltr'><strong>‘ita</strong></span> <span class='ocrx_word' id='word_1_74' title='bbox 750 1123 781 1180; x_wconf 90' lang='lat' dir='ltr'><strong>in</strong></span> <span class='ocrx_word' id='word_1_75' title='bbox 806 1123 936 1196; x_wconf 85' lang='lat' dir='ltr'><strong>epistolis</strong></span> <span class='ocrx_word' id='word_1_76' title='bbox 962 1123 1078 1181; x_wconf 83' lang='lat' dir='ltr'><strong>amabili</strong></span> <span class='ocrx_word' id='word_1_77' title='bbox 1103 1124 1195 1198; x_wconf 88' lang='lat' dir='ltr'><strong>philu-</strong></span> <span class='ocrx_word' id='word_1_78' title='bbox 1287 1164 1293 1174; x_wconf 86' lang='grc'><strong>.</strong></span> <span class='ocrx_word' id='word_1_79' title='bbox 1382 1163 1383 1190; x_wconf 77' lang='grc'><strong>,</strong></span> 
     </span>
    </p>
   </div>
   <div class='ocr_carea' id='block_1_3' title="bbox 151 1213 1195 1290">
    <p class='ocr_par' dir='ltr' id='par_1_4' title="bbox 151 1213 1195 1290">
     <span class='ocr_line' id='line_1_12' title="bbox 151 1213 1195 1290; baseline 0 -20"><span class='ocrx_word' id='word_1_80' title='bbox 151 1281 153 1286; x_wconf 68' lang='lat'>,</span> <span class='ocrx_word' id='word_1_81' title='bbox 202 1213 308 1288; x_wconf 80' lang='lat' dir='ltr'><strong>sophia</strong></span> <span class='ocrx_word' id='word_1_82' title='bbox 327 1217 358 1272; x_wconf 90' lang='lat' dir='ltr'><strong>et</strong></span> <span class='ocrx_word' id='word_1_83' title='bbox 376 1216 540 1290; x_wconf 83' lang='lat' dir='ltr'><strong>aequalium</strong></span> <span class='ocrx_word' id='word_1_84' title='bbox 558 1217 677 1290; x_wconf 84' lang='lat' dir='ltr'><strong>pectora</strong></span> <span class='ocrx_word' id='word_1_85' title='bbox 695 1217 726 1270; x_wconf 87' lang='lat' dir='ltr'><strong>et</strong></span> <span class='ocrx_word' id='word_1_86' title='bbox 745 1231 777 1272; x_wconf 88' lang='lat' dir='ltr'><strong>se</strong></span> <span class='ocrx_word' id='word_1_87' title='bbox 795 1214 891 1288; x_wconf 92' lang='lat' dir='ltr'><strong>ipsum</strong></span> <span class='ocrx_word' id='word_1_88' title='bbox 903 1213 1100 1271; x_wconf 82' lang='lat' dir='ltr'><strong>saluberrimis</strong></span> <span class='ocrx_word' id='word_1_89' title='bbox 1112 1231 1195 1287; x_wconf 89' lang='lat' dir='ltr'><strong>prae·</strong></span> 
     </span>
    </p>
   </div>
   <div class='ocr_carea' id='block_1_4' title="bbox 59 1303 1195 1384">
    <p class='ocr_par' dir='ltr' id='par_1_5' title="bbox 59 1303 1195 1384">
     <span class='ocr_line' id='line_1_13' title="bbox 59 1303 1195 1384; baseline -0.001 -24"><span class='ocrx_word' id='word_1_90' title='bbox 59 1349 68 1360; x_wconf 82' lang='grc'><em>,</em></span> <span class='ocrx_word' id='word_1_91' title='bbox 183 1305 297 1384; x_wconf 56' lang='grc' dir='ltr'><strong>7οερῖίε</strong></span> <span class='ocrx_word' id='word_1_92' title='bbox 316 1307 494 1364; x_wconf 75' lang='lat' dir='ltr'><strong>conformare</strong></span> <span class='ocrx_word' id='word_1_93' title='bbox 514 1305 634 1363; x_wconf 69' lang='lat' dir='ltr'><strong>studuit.</strong></span> <span class='ocrx_word' id='word_1_94' title='bbox 672 1305 769 1380; x_wconf 80' lang='lat' dir='ltr'><strong>Atque</strong></span> <span class='ocrx_word' id='word_1_95' title='bbox 793 1306 849 1363; x_wconf 93' lang='lat' dir='ltr'><strong>hoc</strong></span> <span class='ocrx_word' id='word_1_96' title='bbox 867 1303 1039 1379; x_wconf 88' lang='lat' dir='ltr'><strong>primarium</strong></span> <span class='ocrx_word' id='word_1_97' title='bbox 1059 1303 1195 1360; x_wconf 83' lang='lat' dir='ltr'><strong>siluisse</strong></span> 
     </span>
    </p>
   </div>
   <div class='ocr_carea' id='block_1_5' title="bbox 149 1396 1206 1927">
    <p class='ocr_par' dir='ltr' id='par_1_6' title="bbox 149 1396 1206 1927">
     <span class='ocr_line' id='line_1_14' title="bbox 203 1396 1195 1472; baseline -0.004 -18"><span class='ocrx_word' id='word_1_98' title='bbox 203 1396 356 1454; x_wconf 89' lang='lat' dir='ltr'><strong>consilium</strong></span> <span class='ocrx_word' id='word_1_99' title='bbox 373 1397 405 1454; x_wconf 92' lang='lat' dir='ltr'><strong>in</strong></span> <span class='ocrx_word' id='word_1_100' title='bbox 430 1397 646 1456; x_wconf 84' lang='lat' dir='ltr'><strong>conseribendis</strong></span> <span class='ocrx_word' id='word_1_101' title='bbox 677 1397 825 1472; x_wconf 88' lang='lat' dir='ltr'><strong>epistolis,</strong></span> <span class='ocrx_word' id='word_1_102' title='bbox 854 1411 950 1470; x_wconf 86' lang='lat' dir='ltr'><strong>neque</strong></span> <span class='ocrx_word' id='word_1_103' title='bbox 974 1397 1065 1452; x_wconf 87' lang='lat' dir='ltr'><strong>lomra</strong></span> <span class='ocrx_word' id='word_1_104' title='bbox 1096 1410 1195 1450; x_wconf 89' lang='lat' dir='ltr'><strong>earum</strong></span> 
     </span>
     <span class='ocr_line' id='line_1_15' title="bbox 202 1484 1196 1561; baseline -0.001 -18"><span class='ocrx_word' id='word_1_105' title='bbox 202 1486 329 1544; x_wconf 84' lang='lat' dir='ltr'><strong>indolem</strong></span> <span class='ocrx_word' id='word_1_106' title='bbox 348 1505 367 1544; x_wconf 89' lang='lat' dir='ltr'><strong>a</strong></span> <span class='ocrx_word' id='word_1_107' title='bbox 384 1489 553 1546; x_wconf 85' lang='lat' dir='ltr'><strong>Sermonum</strong></span> <span class='ocrx_word' id='word_1_108' title='bbox 572 1486 717 1542; x_wconf 87' lang='lat' dir='ltr'><strong>diversam</strong></span> <span class='ocrx_word' id='word_1_109' title='bbox 736 1486 814 1561; x_wconf 84' lang='lat' dir='ltr'><strong>fieri,</strong></span> <span class='ocrx_word' id='word_1_110' title='bbox 833 1487 931 1560; x_wconf 83' lang='lat' dir='ltr'><strong>plures</strong></span> <span class='ocrx_word' id='word_1_111' title='bbox 950 1486 988 1544; x_wconf 97' lang='lat' dir='ltr'><strong>ob</strong></span> <span class='ocrx_word' id='word_1_112' title='bbox 1007 1499 1124 1543; x_wconf 85' lang='lat' dir='ltr'><strong>caussas</strong></span> <span class='ocrx_word' id='word_1_113' title='bbox 1144 1484 1196 1542; x_wconf 78' lang='lat' dir='ltr'><strong>de-</strong></span> 
     </span>
     <span class='ocr_line' id='line_1_16' title="bbox 201 1575 1184 1662; baseline 0 -28"><span class='ocrx_word' id='word_1_114' title='bbox 201 1578 320 1636; x_wconf 75' lang='lat' dir='ltr'><strong>fendere</strong></span> <span class='ocrx_word' id='word_1_115' title='bbox 339 1578 440 1634; x_wconf 90' lang='lat' dir='ltr'><strong>ausim.</strong></span> <span class='ocrx_word' id='word_1_116' title='bbox 716 1653 719 1659; x_wconf 14' lang='grc' dir='ltr'><strong>ἡ</strong></span> <span class='ocrx_word' id='word_1_117' title='bbox 788 1653 792 1662; x_wconf 86' lang='lat'><strong>.</strong></span> <span class='ocrx_word' id='word_1_118' title='bbox 1183 1575 1184 1580; x_wconf 70' lang='grc'>’</span> 
     </span>
     <span class='ocr_line' id='line_1_17' title="bbox 277 1665 1194 1746; baseline 0.004 -22"><span class='ocrx_word' id='word_1_119' title='bbox 277 1669 393 1724; x_wconf 82' lang='lat' dir='ltr'><strong>Etenim</strong></span> <span class='ocrx_word' id='word_1_120' title='bbox 412 1681 585 1740; x_wconf 91' lang='lat' dir='ltr'><strong>quamquam</strong></span> <span class='ocrx_word' id='word_1_121' title='bbox 603 1665 741 1740; x_wconf 86' lang='lat' dir='ltr'><strong>plurimas</strong></span> <span class='ocrx_word' id='word_1_122' title='bbox 760 1665 897 1740; x_wconf 86' lang='lat' dir='ltr'><strong>epistolas</strong></span> <span class='ocrx_word' id='word_1_123' title='bbox 916 1685 985 1726; x_wconf 88' lang='lat' dir='ltr'><strong>vero</strong></span> <span class='ocrx_word' id='word_1_124' title='bbox 1003 1669 1051 1745; x_wconf 79' lang='lat' dir='ltr'><strong>iis,</strong></span> <span class='ocrx_word' id='word_1_125' title='bbox 1070 1669 1109 1726; x_wconf 90' lang='lat' dir='ltr'><strong>ad</strong></span> <span class='ocrx_word' id='word_1_126' title='bbox 1121 1685 1194 1746; x_wconf 83' lang='lat' dir='ltr'><strong>ques</strong></span> 
     </span>
     <span class='ocr_line' id='line_1_18' title="bbox 202 1757 1206 1836; baseline 0.001 -21"><span class='ocrx_word' id='word_1_127' title='bbox 202 1758 328 1832; x_wconf 78' lang='lat' dir='ltr'><strong>scriptae</strong></span> <span class='ocrx_word' id='word_1_128' title='bbox 348 1760 432 1833; x_wconf 87' lang='lat' dir='ltr'><strong>sunt,</strong></span> <span class='ocrx_word' id='word_1_129' title='bbox 450 1757 584 1818; x_wconf 84' lang='lat' dir='ltr'><strong>redditas</strong></span> <span class='ocrx_word' id='word_1_130' title='bbox 604 1773 669 1815; x_wconf 87' lang='lat' dir='ltr'><strong>esse</strong></span> <span class='ocrx_word' id='word_1_131' title='bbox 689 1758 832 1836; x_wconf 87' lang='lat' dir='ltr'><strong>concedo,</strong></span> <span class='ocrx_word' id='word_1_132' title='bbox 857 1761 995 1818; x_wconf 86' lang='lat' dir='ltr'><strong>Horatius</strong></span> <span class='ocrx_word' id='word_1_133' title='bbox 1014 1763 1112 1818; x_wconf 85' lang='lat' dir='ltr'><strong>tamen</strong></span> <span class='ocrx_word' id='word_1_134' title='bbox 1129 1763 1206 1836; x_wconf 31' lang='lat' dir='ltr'><strong>tan-¹</strong></span> 
     </span>
     <span class='ocr_line' id='line_1_19' title="bbox 149 1843 1194 1927; baseline 0.003 -22"><span class='ocrx_word' id='word_1_135' title='bbox 149 1844 155 1850; x_wconf 81' lang='grc'><strong>’</strong></span> <span class='ocrx_word' id='word_1_136' title='bbox 200 1852 263 1905; x_wconf 90' lang='lat' dir='ltr'><strong>tum</strong></span> <span class='ocrx_word' id='word_1_137' title='bbox 281 1848 399 1926; x_wconf 85' lang='lat' dir='ltr'><strong>aberat,</strong></span> <span class='ocrx_word' id='word_1_138' title='bbox 423 1851 457 1906; x_wconf 90' lang='lat' dir='ltr'><strong>ut</strong></span> <span class='ocrx_word' id='word_1_139' title='bbox 481 1843 548 1906; x_wconf 92' lang='lat' dir='ltr'><strong>illos</strong></span> <span class='ocrx_word' id='word_1_140' title='bbox 563 1851 651 1907; x_wconf 81' lang='lat' dir='ltr'><strong>solos</strong></span> <span class='ocrx_word' id='word_1_141' title='bbox 671 1851 810 1908; x_wconf 88' lang='lat' dir='ltr'><strong>certiores</strong></span> <span class='ocrx_word' id='word_1_142' title='bbox 829 1851 924 1912; x_wconf 79' lang='lat' dir='ltr'><strong>lacere</strong></span> <span class='ocrx_word' id='word_1_143' title='bbox 942 1849 1047 1927; x_wconf 84' lang='lat' dir='ltr'><strong>vellet,</strong></span> <span class='ocrx_word' id='word_1_144' title='bbox 1073 1851 1194 1925; x_wconf 84' lang='lat' dir='ltr'><strong>siquid</strong></span> 
     </span>
    </p>
   </div>
   <div class='ocr_carea' id='block_1_6' title="bbox 201 1929 1301 2024">
    <p class='ocr_par' dir='ltr' id='par_1_7' title="bbox 201 1929 1301 2024">
     <span class='ocr_line' id='line_1_20' title="bbox 201 1929 1301 2024; baseline 0 -26"><span class='ocrx_word' id='word_1_145' title='bbox 201 1929 281 1998; x_wconf 82' lang='lat' dir='ltr'><strong>esset</strong></span> <span class='ocrx_word' id='word_1_146' title='bbox 299 1940 376 2014; x_wconf 91' lang='lat' dir='ltr'><strong>quod</strong></span> <span class='ocrx_word' id='word_1_147' title='bbox 395 1957 445 1998; x_wconf 85' lang='lat' dir='ltr'><strong>eos</strong></span> <span class='ocrx_word' id='word_1_148' title='bbox 466 1941 539 1998; x_wconf 89' lang='lat' dir='ltr'><strong>scire</strong></span> <span class='ocrx_word' id='word_1_149' title='bbox 558 1945 609 1998; x_wconf 90' lang='lat' dir='ltr'><strong>aut</strong></span> <span class='ocrx_word' id='word_1_150' title='bbox 627 1958 681 1998; x_wconf 88' lang='lat' dir='ltr'><strong>sua</strong></span> <span class='ocrx_word' id='word_1_151' title='bbox 699 1943 898 2014; x_wconf 78' lang='lat' dir='ltr'><strong>suiipsorum</strong></span> <span class='ocrx_word' id='word_1_152' title='bbox 922 1943 1078 2000; x_wconf 83' lang='lat' dir='ltr'><strong>interesset</strong></span> <span class='ocrx_word' id='word_1_153' title='bbox 1090 1937 1136 2024; x_wconf 81' lang='lat'><strong>⁸),</strong></span> <span class='ocrx_word' id='word_1_154' title='bbox 1161 1945 1195 2000; x_wconf 93' lang='lat' dir='ltr'><strong>ut</strong></span> <span class='ocrx_word' id='word_1_155' title='bbox 1297 2017 1301 2024; x_wconf 29' lang='grc' dir='ltr'><strong><em>Ι</em></strong></span> 
     </span>
    </p>
   </div>
   <div class='ocr_carea' id='block_1_7' title="bbox 150 2031 1205 3020">
    <p class='ocr_par' dir='ltr' id='par_1_8' title="bbox 150 2031 1205 3020">
     <span class='ocr_line' id='line_1_21' title="bbox 150 2031 1192 2104; baseline 0.002 -16"><span class='ocrx_word' id='word_1_156' title='bbox 150 2039 152 2046; x_wconf 82' lang='grc'>’</span> <span class='ocrx_word' id='word_1_157' title='bbox 201 2032 234 2088; x_wconf 92' lang='lat' dir='ltr'><strong>in</strong></span> <span class='ocrx_word' id='word_1_158' title='bbox 252 2032 372 2104; x_wconf 83' lang='lat' dir='ltr'><strong>siugulis</strong></span> <span class='ocrx_word' id='word_1_159' title='bbox 398 2031 558 2088; x_wconf 82' lang='lat' dir='ltr'><strong>scribendis</strong></span> <span class='ocrx_word' id='word_1_160' title='bbox 582 2031 644 2102; x_wconf 84' lang='lat' dir='ltr'><strong>jam</strong></span> <span class='ocrx_word' id='word_1_161' title='bbox 669 2031 706 2087; x_wconf 89' lang='lat' dir='ltr'><strong>de</strong></span> <span class='ocrx_word' id='word_1_162' title='bbox 731 2031 859 2088; x_wconf 89' lang='lat' dir='ltr'><strong>editione</strong></span> <span class='ocrx_word' id='word_1_163' title='bbox 887 2033 1016 2089; x_wconf 86' lang='lat' dir='ltr'><strong>emnium</strong></span> <span class='ocrx_word' id='word_1_164' title='bbox 1044 2035 1192 2104; x_wconf 82' lang='lat' dir='ltr'><strong>cogitaret.</strong></span> 
     </span>
     <span class='ocr_line' id='line_1_22' title="bbox 200 2107 1193 2196; baseline 0.002 -18"><span class='ocrx_word' id='word_1_165' title='bbox 200 2121 235 2178; x_wconf 90' lang='lat' dir='ltr'><strong>ld</strong></span> <span class='ocrx_word' id='word_1_166' title='bbox 253 2107 413 2179; x_wconf 87' lang='lat' dir='ltr'><strong>luculenter</strong></span> <span class='ocrx_word' id='word_1_167' title='bbox 431 2121 649 2196; x_wconf 76' lang='lat' dir='ltr'><strong>apparet&#39;iude,</strong></span> <span class='ocrx_word' id='word_1_168' title='bbox 668 2121 747 2193; x_wconf 90' lang='lat' dir='ltr'><strong>quod</strong></span> <span class='ocrx_word' id='word_1_169' title='bbox 765 2122 890 2192; x_wconf 80' lang='lat' dir='ltr'><strong>Augusti</strong></span> <span class='ocrx_word' id='word_1_170' title='bbox 908 2123 1009 2178; x_wconf 90' lang='lat' dir='ltr'><strong>landes</strong></span> <span class='ocrx_word' id='word_1_171' title='bbox 1021 2123 1193 2196; x_wconf 89' lang='lat' dir='ltr'><strong>quibusdam</strong></span> 
     </span>
     <span class='ocr_line' id='line_1_23' title="bbox 200 2206 1193 2290; baseline 0.005 -23"><span class='ocrx_word' id='word_1_172' title='bbox 200 2211 332 2284; x_wconf 88' lang='lat' dir='ltr'><strong>epistolis</strong></span> <span class='ocrx_word' id='word_1_173' title='bbox 358 2226 450 2283; x_wconf 91' lang='lat' dir='ltr'><strong>paene</strong></span> <span class='ocrx_word' id='word_1_174' title='bbox 469 2211 587 2288; x_wconf 85' lang='lat' dir='ltr'><strong>intrusit</strong></span> <span class='ocrx_word' id='word_1_175' title='bbox 600 2206 639 2290; x_wconf 88' lang='lat'><strong>⁷).</strong></span> <span class='ocrx_word' id='word_1_176' title='bbox 677 2211 756 2276; x_wconf 90' lang='lat' dir='ltr'><strong>Quin</strong></span> <span class='ocrx_word' id='word_1_177' title='bbox 783 2214 939 2285; x_wconf 89' lang='lat' dir='ltr'><strong>antequam</strong></span> <span class='ocrx_word' id='word_1_178' title='bbox 967 2211 1042 2269; x_wconf 91' lang='lat' dir='ltr'><strong>liber</strong></span> <span class='ocrx_word' id='word_1_179' title='bbox 1069 2213 1193 2274; x_wconf 87' lang='lat' dir='ltr'><strong>emissus</strong></span> 
     </span>
     <span class='ocr_line' id='line_1_24' title="bbox 199 2300 1192 2376; baseline 0.005 -19"><span class='ocrx_word' id='word_1_180' title='bbox 199 2304 278 2358; x_wconf 88' lang='lat' dir='ltr'><strong>esset</strong></span> <span class='ocrx_word' id='word_1_181' title='bbox 297 2301 437 2376; x_wconf 89' lang='lat' dir='ltr'><strong>epistolae</strong></span> <span class='ocrx_word' id='word_1_182' title='bbox 457 2300 622 2371; x_wconf 83' lang='lat' dir='ltr'><strong>singulatim</strong></span> <span class='ocrx_word' id='word_1_183' title='bbox 641 2301 673 2358; x_wconf 91' lang='lat' dir='ltr'><strong>in</strong></span> <span class='ocrx_word' id='word_1_184' title='bbox 691 2302 813 2358; x_wconf 82' lang='lat' dir='ltr'><strong>ahomm</strong></span> <span class='ocrx_word' id='word_1_185' title='bbox 832 2317 947 2375; x_wconf 86' lang='lat' dir='ltr'><strong>quoque</strong></span> <span class='ocrx_word' id='word_1_186' title='bbox 965 2302 1114 2362; x_wconf 91' lang='lat' dir='ltr'><strong>homiuum</strong></span> <span class='ocrx_word' id='word_1_187' title='bbox 1131 2321 1192 2362; x_wconf 89' lang='lat' dir='ltr'><strong>ma-</strong></span> 
     </span>
     <span class='ocr_line' id='line_1_25' title="bbox 199 2391 1192 2482; baseline 0.006 -33"><span class='ocrx_word' id='word_1_188' title='bbox 199 2406 254 2448; x_wconf 89' lang='lat' dir='ltr'><strong>nns</strong></span> <span class='ocrx_word' id='word_1_189' title='bbox 267 2392 440 2467; x_wconf 54' lang='lat' dir='ltr'><strong>*pervenisse</strong></span> <span class='ocrx_word' id='word_1_190' title='bbox 459 2391 611 2470; x_wconf 85' lang='lat' dir='ltr'><strong>videntur,</strong></span> <span class='ocrx_word' id='word_1_191' title='bbox 641 2391 667 2450; x_wconf 90' lang='lat' dir='ltr'><strong>si</strong></span> <span class='ocrx_word' id='word_1_192' title='bbox 692 2393 846 2482; x_wconf 69' lang='lat' dir='ltr'><strong>qna‘iides</strong></span> <span class='ocrx_word' id='word_1_193' title='bbox 874 2392 972 2452; x_wconf 80' lang='lat' dir='ltr'><strong>verbis</strong></span> <span class='ocrx_word' id='word_1_194' title='bbox 1000 2394 1033 2452; x_wconf 93' lang='lat' dir='ltr'><strong>in</strong></span> <span class='ocrx_word' id='word_1_195' title='bbox 1056 2397 1143 2470; x_wconf 85' lang='lat' dir='ltr'><strong>epist.</strong></span> <span class='ocrx_word' id='word_1_196' title='bbox 1165 2398 1192 2475; x_wconf 89' lang='lat' dir='ltr'><strong>l,</strong></span> 
     </span>
     <span class='ocr_line' id='line_1_26' title="bbox 204 2559 1205 2657; baseline 0.004 -23"><span class='ocrx_word' id='word_1_197' title='bbox 204 2589 207 2592; x_wconf 88' lang='grc'><em>·</em></span> <span class='ocrx_word' id='word_1_198' title='bbox 237 2559 240 2576; x_wconf 29' lang='grc'><strong>4</strong></span> <span class='ocrx_word' id='word_1_199' title='bbox 347 2578 461 2635; x_wconf 75' lang='lat' dir='ltr'><strong>Paucis</strong></span> <span class='ocrx_word' id='word_1_200' title='bbox 479 2575 594 2634; x_wconf 86' lang='lat' dir='ltr'><strong>ostendi</strong></span> <span class='ocrx_word' id='word_1_201' title='bbox 613 2577 721 2653; x_wconf 83' lang='lat' dir='ltr'><strong>gemis,</strong></span> <span class='ocrx_word' id='word_1_202' title='bbox 741 2579 772 2634; x_wconf 90' lang='lat' dir='ltr'><strong>et</strong></span> <span class='ocrx_word' id='word_1_203' title='bbox 790 2578 953 2636; x_wconf 85' lang='lat' dir='ltr'><strong>communia</strong></span> <span class='ocrx_word' id='word_1_204' title='bbox 971 2578 1092 2657; x_wconf 80' lang='lat' dir='ltr'><strong>laudas,</strong></span> <span class='ocrx_word' id='word_1_205' title='bbox 1203 2603 1205 2607; x_wconf 94' lang='lat'>·</span> 
     </span>
     <span class='ocr_line' id='line_1_27' title="bbox 198 2666 1188 2744; baseline 0.004 -22"><span class='ocrx_word' id='word_1_206' title='bbox 198 2667 237 2722; x_wconf 89' lang='lat' dir='ltr'><strong>ad</strong></span> <span class='ocrx_word' id='word_1_207' title='bbox 261 2682 334 2741; x_wconf 88' lang='lat' dir='ltr'><strong>quae</strong></span> <span class='ocrx_word' id='word_1_208' title='bbox 353 2666 428 2723; x_wconf 90' lang='lat' dir='ltr'><strong>bene</strong></span> <span class='ocrx_word' id='word_1_209' title='bbox 447 2671 586 2740; x_wconf 88' lang='lat' dir='ltr'><strong>provocat</strong></span> <span class='ocrx_word' id='word_1_210' title='bbox 611 2670 739 2726; x_wconf 79' lang='lat' dir='ltr'><strong>Messon.</strong></span> <span class='ocrx_word' id='word_1_211' title='bbox 768 2671 800 2725; x_wconf 90' lang='lat' dir='ltr'><strong>in</strong></span> <span class='ocrx_word' id='word_1_212' title='bbox 828 2671 896 2728; x_wconf 83' lang='lat' dir='ltr'><strong>hist.</strong></span> <span class='ocrx_word' id='word_1_213' title='bbox 926 2673 988 2728; x_wconf 89' lang='lat' dir='ltr'><strong>crit.</strong></span> <span class='ocrx_word' id='word_1_214' title='bbox 1018 2673 1086 2726; x_wconf 83' lang='lat' dir='ltr'><strong>tom</strong></span> <span class='ocrx_word' id='word_1_215' title='bbox 1106 2673 1139 2728; x_wconf 86' lang='lat' dir='ltr'><strong>V.</strong></span> <span class='ocrx_word' id='word_1_216' title='bbox 1160 2687 1188 2744; x_wconf 93' lang='lat' dir='ltr'><strong>p.</strong></span> 
     </span>
     <span class='ocr_line' id='line_1_28' title="bbox 200 2757 1191 2835; baseline 0.003 -22"><span class='ocrx_word' id='word_1_217' title='bbox 200 2757 263 2834; x_wconf 68' lang='lat'><strong>170.</strong></span> <span class='ocrx_word' id='word_1_218' title='bbox 282 2759 342 2814; x_wconf 88' lang='lat' dir='ltr'><strong>not.</strong></span> <span class='ocrx_word' id='word_1_219' title='bbox 362 2757 391 2813; x_wconf 94' lang='lat' dir='ltr'><strong>b.</strong></span> <span class='ocrx_word' id='word_1_220' title='bbox 428 2757 542 2815; x_wconf 90' lang='lat' dir='ltr'><strong>Deinde</strong></span> <span class='ocrx_word' id='word_1_221' title='bbox 567 2759 722 2832; x_wconf 87' lang='lat' dir='ltr'><strong>primarius</strong></span> <span class='ocrx_word' id='word_1_222' title='bbox 748 2761 936 2834; x_wconf 86' lang='lat' dir='ltr'><strong>plurimarum</strong></span> <span class='ocrx_word' id='word_1_223' title='bbox 959 2759 1024 2816; x_wconf 87' lang='lat' dir='ltr'><strong>linis</strong></span> <span class='ocrx_word' id='word_1_224' title='bbox 1048 2762 1120 2835; x_wconf 71' lang='lat' dir='ltr'><strong>est,&#39;</strong></span> <span class='ocrx_word' id='word_1_225' title='bbox 1139 2763 1191 2816; x_wconf 88' lang='lat' dir='ltr'><strong>aut</strong></span> 
     </span>
     <span class='ocr_line' id='line_1_29' title="bbox 159 2849 1190 2924; baseline 0.003 -19"><span class='ocrx_word' id='word_1_226' title='bbox 159 2863 161 2867; x_wconf 80' lang='grc'><strong>’</strong></span> <span class='ocrx_word' id='word_1_227' title='bbox 198 2850 231 2905; x_wconf 90' lang='lat' dir='ltr'><strong>ut</strong></span> <span class='ocrx_word' id='word_1_228' title='bbox 249 2849 449 2923; x_wconf 87' lang='lat' dir='ltr'><strong>philosophiae</strong></span> <span class='ocrx_word' id='word_1_229' title='bbox 469 2849 597 2904; x_wconf 89' lang='lat' dir='ltr'><strong>studium</strong></span> <span class='ocrx_word' id='word_1_230' title='bbox 615 2851 834 2908; x_wconf 88' lang='lat' dir='ltr'><strong>commendetur</strong></span> <span class='ocrx_word' id='word_1_231' title='bbox 857 2854 887 2908; x_wconf 87' lang='lat' dir='ltr'><strong>et</strong></span> <span class='ocrx_word' id='word_1_232' title='bbox 910 2850 1049 2924; x_wconf 90' lang='lat' dir='ltr'><strong>placitum</strong></span> <span class='ocrx_word' id='word_1_233' title='bbox 1073 2851 1190 2924; x_wconf 88' lang='lat' dir='ltr'><strong>aliquod</strong></span> 
     </span>
     <span class='ocr_line' id='line_1_30' title="bbox 198 2933 1189 3020; baseline 0.005 -24"><span class='ocrx_word' id='word_1_234' title='bbox 198 2939 353 2998; x_wconf 86' lang='lat' dir='ltr'><strong>instilletur</strong></span> <span class='ocrx_word' id='word_1_235' title='bbox 371 2939 489 2996; x_wconf 88' lang='lat' dir='ltr'><strong>auribus</strong></span> <span class='ocrx_word' id='word_1_236' title='bbox 503 2933 543 3020; x_wconf 83' lang='lat'><strong>⁸),</strong></span> <span class='ocrx_word' id='word_1_237' title='bbox 562 2943 613 2996; x_wconf 86' lang='lat' dir='ltr'><strong>eut</strong></span> <span class='ocrx_word' id='word_1_238' title='bbox 631 2943 664 2997; x_wconf 90' lang='lat' dir='ltr'><strong>ut</strong></span> <span class='ocrx_word' id='word_1_239' title='bbox 683 2957 757 3014; x_wconf 89' lang='lat' dir='ltr'><strong>quae</strong></span> <span class='ocrx_word' id='word_1_240' title='bbox 776 2941 854 3000; x_wconf 90' lang='lat' dir='ltr'><strong>inter</strong></span> <span class='ocrx_word' id='word_1_241' title='bbox 872 2943 987 3016; x_wconf 87' lang='lat' dir='ltr'><strong>poetam</strong></span> <span class='ocrx_word' id='word_1_242' title='bbox 1006 2941 1115 3012; x_wconf 86' lang='lat' dir='ltr'><strong>etcjus</strong></span> <span class='ocrx_word' id='word_1_243' title='bbox 1128 2946 1189 3000; x_wconf 81' lang='lat' dir='ltr'><strong>fau·</strong></span> 
     </span>
    </p>
   </div>
   <div class='ocr_carea' id='block_1_8' title="bbox 79 3031 1188 3109">
    <p class='ocr_par' dir='ltr' id='par_1_9' title="bbox 79 3031 1188 3109">
     <span class='ocr_line' id='line_1_31' title="bbox 79 3031 1188 3109; baseline 0.006 -24"><span class='ocrx_word' id='word_1_244' title='bbox 79 3035 82 3043; x_wconf 81' lang='lat'><em>&#39;</em></span> <span class='ocrx_word' id='word_1_245' title='bbox 145 3031 146 3034; x_wconf 74' lang='grc'>’</span> <span class='ocrx_word' id='word_1_246' title='bbox 198 3031 293 3107; x_wconf 86' lang='lat' dir='ltr'><strong>tores,</strong></span> <span class='ocrx_word' id='word_1_247' title='bbox 312 3033 513 3088; x_wconf 87' lang='lat' dir='ltr'><strong>Maecenatem</strong></span> <span class='ocrx_word' id='word_1_248' title='bbox 530 3031 713 3105; x_wconf 89' lang='lat' dir='ltr'><strong>potissimum</strong></span> <span class='ocrx_word' id='word_1_249' title='bbox 732 3035 944 3109; x_wconf 77' lang='lat' dir='ltr'><strong>stAugustum</strong></span> <span class='ocrx_word' id='word_1_250' title='bbox 963 3031 1125 3090; x_wconf 87' lang='lat' dir='ltr'><strong>intercedat</strong></span> <span class='ocrx_word' id='word_1_251' title='bbox 1142 3053 1188 3092; x_wconf 88' lang='lat' dir='ltr'><strong>ra-</strong></span> 
     </span>
    </p>
   </div>
   <div class='ocr_carea' id='block_1_9' title="bbox 199 3119 1188 3290">
    <p class='ocr_par' dir='ltr' id='par_1_10' title="bbox 199 3119 1188 3290">
     <span class='ocr_line' id='line_1_32' title="bbox 199 3119 1188 3198; baseline 0.005 -21"><span class='ocrx_word' id='word_1_252' title='bbox 199 3119 257 3196; x_wconf 89' lang='lat' dir='ltr'><strong>tio,</strong></span> <span class='ocrx_word' id='word_1_253' title='bbox 283 3139 319 3178; x_wconf 91' lang='lat' dir='ltr'><strong>ea</strong></span> <span class='ocrx_word' id='word_1_254' title='bbox 337 3125 422 3194; x_wconf 87' lang='lat' dir='ltr'><strong>vulgo</strong></span> <span class='ocrx_word' id='word_1_255' title='bbox 441 3123 479 3179; x_wconf 92' lang='lat' dir='ltr'><strong>ob</strong></span> <span class='ocrx_word' id='word_1_256' title='bbox 498 3125 597 3180; x_wconf 91' lang='lat' dir='ltr'><strong>oeulos</strong></span> <span class='ocrx_word' id='word_1_257' title='bbox 615 3128 749 3198; x_wconf 87' lang='lat' dir='ltr'><strong>ponatur.</strong></span> <span class='ocrx_word' id='word_1_258' title='bbox 788 3125 885 3190; x_wconf 84' lang='lat' dir='ltr'><strong>Quare</strong></span> <span class='ocrx_word' id='word_1_259' title='bbox 913 3137 973 3178; x_wconf 89' lang='lat' dir='ltr'><strong>non</strong></span> <span class='ocrx_word' id='word_1_260' title='bbox 999 3126 1188 3196; x_wconf 90' lang='lat' dir='ltr'><strong>premendum</strong></span> 
     </span>
     <span class='ocr_line' id='line_1_33' title="bbox 199 3212 1186 3290; baseline 0.004 -22"><span class='ocrx_word' id='word_1_261' title='bbox 199 3215 255 3288; x_wconf 87' lang='lat' dir='ltr'><strong>est,</strong></span> <span class='ocrx_word' id='word_1_262' title='bbox 275 3212 379 3286; x_wconf 91' lang='lat' dir='ltr'><strong>quibus</strong></span> <span class='ocrx_word' id='word_1_263' title='bbox 399 3214 523 3289; x_wconf 88' lang='lat' dir='ltr'><strong>scriptor</strong></span> <span class='ocrx_word' id='word_1_264' title='bbox 542 3215 680 3290; x_wconf 87' lang='lat' dir='ltr'><strong>epistolas</strong></span> <span class='ocrx_word' id='word_1_265' title='bbox 701 3215 820 3290; x_wconf 85' lang='lat' dir='ltr'><strong>dicarit,</strong></span> <span class='ocrx_word' id='word_1_266' title='bbox 840 3229 895 3270; x_wconf 88' lang='lat' dir='ltr'><strong>nec</strong></span> <span class='ocrx_word' id='word_1_267' title='bbox 913 3229 1089 3290; x_wconf 80' lang='lat' dir='ltr'><strong>magnopere</strong></span> <span class='ocrx_word' id='word_1_268' title='bbox 1108 3216 1186 3274; x_wconf 86' lang='lat' dir='ltr'><strong>laho-</strong></span> 
     </span>
    </p>
   </div>
   <div class='ocr_carea' id='block_1_10' title="bbox 262 3431 945 3520">
    <p class='ocr_par' dir='ltr' id='par_1_11' title="bbox 262 3431 945 3520">
     <span class='ocr_line' id='line_1_34' title="bbox 262 3431 945 3520; baseline 0.004 -16"><span class='ocrx_word' id='word_1_269' title='bbox 262 3431 945 3520; x_wconf 53' lang='lat' dir='ltr'><strong>mmmfflmummmat&#39;</strong></span> 
     </span>
    </p>
   </div>
   <div class='ocr_carea' id='block_1_11' title="bbox 263 3503 1383 3602">
    <p class='ocr_par' dir='ltr' id='par_1_12' title="bbox 263 3503 1383 3602">
     <span class='ocr_line' id='line_1_35' title="bbox 263 3503 1383 3602; baseline 0.002 -16"><span class='ocrx_word' id='word_1_270' title='bbox 263 3537 1186 3602; x_wconf 40' lang='lat' dir='ltr'><strong>mmmmmumcammffim-mmmm.</strong></span> <span class='ocrx_word' id='word_1_271' title='bbox 1291 3503 1383 3562; x_wconf 54' lang='lat'><strong>-‘</strong></span> 
     </span>
    </p>
   </div>
   <div class='ocr_carea' id='block_1_12' title="bbox 170 3603 294 3663">
    <p class='ocr_par' dir='ltr' id='par_1_13' title="bbox 170 3603 294 3663">
     <span class='ocr_line' id='line_1_36' title="bbox 170 3603 294 3663; baseline -0.016 -9"><span class='ocrx_word' id='word_1_272' title='bbox 170 3629 172 3638; x_wconf 46' lang='grc' dir='ltr'><strong><em>ι</em></strong></span> <span class='ocrx_word' id='word_1_273' title='bbox 196 3604 237 3663; x_wconf 79' lang='grc'><strong>49,</strong></span> <span class='ocrx_word' id='word_1_274' title='bbox 254 3603 294 3655; x_wconf 78' lang='grc'><strong>43.</strong></span> 
     </span>
    </p>
   </div>
   <div class='ocr_carea' id='block_1_13' title="bbox 262 3686 1368 3766">
    <p class='ocr_par' dir='ltr' id='par_1_14' title="bbox 262 3686 1368 3766">
     <span class='ocr_line' id='line_1_37' title="bbox 262 3686 1368 3766; baseline 0.006 -31"><span class='ocrx_word' id='word_1_275' title='bbox 262 3686 1257 3766; x_wconf 24' lang='grc' dir='ltr'><strong>εῃηιηιωημδηαηαιηηηη,,</strong></span> <span class='ocrx_word' id='word_1_276' title='bbox 1364 3750 1368 3758; x_wconf 50' lang='grc'><strong>,</strong></span> 
     </span>
    </p>
   </div>
   <div class='ocr_carea' id='block_1_14' title="bbox 196 3753 808 3815">
    <p class='ocr_par' dir='ltr' id='par_1_15' title="bbox 196 3753 808 3815">
     <span class='ocr_line' id='line_1_38' title="bbox 196 3753 808 3815; baseline 0.003 -11"><span class='ocrx_word' id='word_1_277' title='bbox 196 3753 231 3804; x_wconf 73' lang='lat'><strong>22</strong></span> <span class='ocrx_word' id='word_1_278' title='bbox 246 3756 273 3802; x_wconf 79' lang='lat' dir='ltr'><strong>at</strong></span> <span class='ocrx_word' id='word_1_279' title='bbox 289 3755 329 3805; x_wconf 75' lang='grc'><strong>25.</strong></span> <span class='ocrx_word' id='word_1_280' title='bbox 347 3755 387 3814; x_wconf 80' lang='lat' dir='ltr'><strong>lt,</strong></span> <span class='ocrx_word' id='word_1_281' title='bbox 403 3756 428 3806; x_wconf 80' lang='grc'><strong>4.</strong></span> <span class='ocrx_word' id='word_1_282' title='bbox 445 3753 486 3815; x_wconf 83' lang='grc'><strong>14,</strong></span> <span class='ocrx_word' id='word_1_283' title='bbox 503 3755 527 3804; x_wconf 94' lang='grc'><strong>4.</strong></span> <span class='ocrx_word' id='word_1_284' title='bbox 545 3755 585 3813; x_wconf 82' lang='grc'><strong>16,</strong></span> <span class='ocrx_word' id='word_1_285' title='bbox 602 3755 642 3805; x_wconf 79' lang='lat'><strong>2⁰.</strong></span> <span class='ocrx_word' id='word_1_286' title='bbox 660 3754 701 3814; x_wconf 81' lang='lat'><strong>18,</strong></span> <span class='ocrx_word' id='word_1_287' title='bbox 718 3754 758 3806; x_wconf 80' lang='grc'><strong>96.</strong></span> <span class='ocrx_word' id='word_1_288' title='bbox 775 3781 808 3794; x_wconf 91' lang='grc'><strong>-</strong></span> 
     </span>
    </p>
   </div>
   <div class='ocr_carea' id='block_1_15' title="bbox 0 0 1400 4576">
    <p class='ocr_par' dir='ltr' id='par_1_16' title="bbox 0 0 1400 4576">
     <span class='ocr_line' id='line_1_39' title="bbox 0 0 1400 4576; baseline 0 4"><span class='ocrx_word' id='word_1_289' title='bbox 0 0 1400 4576; x_wconf 95' lang='lat' dir='ltr'><strong> </strong></span> 
     </span>
    </p>
   </div>
  </div>
 </body>
</html>
