2776 4582
569 277 773 345 ⁶..op....

181 436 328 520 inodaret,
349 457 448 502 eorum
466 443 620 502 clamorem
639 445 670 500 ct
687 439 901 502 criminationes
918 441 1045 502 nondum
1063 445 1160 504 mutu·

180 537 292 592 averet
310 535 381 592 setis
400 535 489 593 satira
505 536 600 594 tertia
637 533 672 593 lu
684 547 741 609 qua
753 545 924 608 quamquam
939 533 977 591 de
988 549 1058 592 vera
1074 539 1161 595 acen·

179 627 278 684 mandi
300 625 508 700 judicandique
533 627 662 702 ratione,
682 637 754 700 ·qua
781 625 912 682 homines
939 625 983 682 uti
1012 625 1161 705 deberent,

180 711 353 792 exposuerat
377 732 475 792 seque·
489 716 522 774 ln
545 727 595 777 eos
613 719 741 793 autom,
766 715 936 789 quinciaco
955 715 1035 787 digni
1054 720 1161 794 essem,
1208 767 1211 776 ,

179 806 278 888 invehi
296 811 444 866 consessus
463 808 530 864 orat
543 807 681 880 ingenuos
700 806 762 864 neri
780 804 947 876 tamennon
959 810 1074 881 poterat
1092 808 1162 881 quin
1279 819 1289 832 ‘

179 897 301 958 lectores
324 898 422 971 lepida
447 898 551 956 satirae
575 899 672 955 indole
696 898 894 972 immixtisque
919 895 1027 957 salibus
1051 895 1163 955 inducti

179 984 270 1044 ammi
288 988 457 1065 candorem,
482 1001 569 1063 quem
594 988 650 1046 sibi
668 987 808 1046 tribueret
825 989 978 1066 Horatius,
998 989 1163 1046 simulatum

178 1079 383 1151 potiusquam
394 1091 494 1134 venum
506 1077 656 1136 crederent
668 1092 740 1136 esse.
778 1080 856 1146 Quin
874 1077 1048 1136 exstiterunt
1065 1077 1162 1157 atlans,

179 1169 231 1242 qui
254 1167 333 1225 laudi
358 1169 419 1240 ejus
443 1169 576 1243 poeticae
606 1169 798 1227 annectentes
824 1165 981 1247 Lucilium,
1006 1173 1162 1227 renovatae

178 1259 276 1332 poesis
295 1257 486 1338 conditorem,
512 1259 598 1330 louge
616 1262 794 1334 praeferrent
811 1273 846 1315 ac
862 1261 1005 1331 potiorem
1023 1261 1160 1320 dicerent.

145 1415 147 1420 ,
178 1348 351 1420 Hujusmodi
370 1349 488 1422 judiciis
512 1349 629 1423 injustis
655 1359 724 1409 sane
743 1350 774 1405 et
791 1348 1075 1421 ineptis'commotus
1094 1352 1163 1408 seri·

179 1439 239 1512 psit
261 1441 398 1498 Horatius
424 1441 542 1498 satiram
566 1439 610 1516 4.,
642 1441 674 1496 iu
697 1453 754 1512 qua
777 1427 837 1495 non
860 1441 894 1494 ut
920 1439 953 1496 in
978 1441 1164 1512 praecedenti

47 1584 53 1589 .
166 1529 303 1601 ingenua
321 1531 452 1589 candoris
471 1532 516 1588 sui
535 1529 714 1588 confessione
731 1526 834 1602 poesin
853 1540 936 1586 suam
954 1529 1092 1607 defendit,
1110 1530 1164 1587 sed

137 1687 146 1698 ,
179 1619 237 1698 ita,
261 1625 295 1678 ut
318 1625 379 1678 tum
403 1621 439 1679 de
464 1622 558 1697 pretio
582 1619 748 1678 Lucilianae
772 1620 871 1694 poesis
898 1617 1072 1696 dissereret,
1101 1622 1163 1677 tum
1261 1641 1263 1647 ·

125 1780 128 1785 ⁵
178 1725 277 1768 veram
287 1715 470 1788 sooepoesis
481 1711 608 1769 indolem
626 1713 806 1767 straturam
825 1724 862 1766 ex
880 1711 976 1784 prisca
987 1710 1162 1768 Graccormu

177 1801 335 1859 comoedia¹
345 1805 375 1858 et
393 1797 497 1859 Lucilii
514 1799 656 1872 poematis
669 1799 871 1868 conformatae,
891 1811 1029 1873 suumque
1041 1801 1074 1857 iu
1092 1804 1162 1860 scri·

180 1889 276 1947 bcndo
300 1891 451 1946 consilium
478 1892 508 1945 et
537 1897 648 1946 morem
672 1886 810 1944 Romarlis
838 1886 876 1944 ob
903 1889 1002 1945 mulos
1031 1895 1160 1970 pareret.

180 1981 226 2038 Ita
243 1980 333 2052 igitur
350 1980 481 2052 graviore
499 1977 657 2036 insidiosae
674 1975 891 2038 malevolentiae
909 1980 939 2034 et
957 1979 1163 2051 objurgationis

180 2070 270 2128 veluti
288 2071 416 2128 remedio
440 2066 570 2131 adhibito
593 2070 801 2127 obtrectatores
820 2081 888 2125 suos
906 2063 1040 2129 rorone
1055 2073 1085 2127 et
1102 2085 1162 2130 non

75 2177 79 2186 ’
180 2163 362 2219 tumamoris
381 2178 467 2237 quam
485 2157 679 2230 clandestinae
698 2158 824 2216 invidiae
843 2172 1000 2231 coarguere
1017 2161 1136 2221 studuit.

176 2293 180 2306 .
252 2253 366 2311 Nollem
391 2253 478 2324 igitur
501 2251 657 2310 Weiclrcrt
684 2243 783 2330 (poet.
808 2249 859 2307 rel.
879 2267 910 2323 p.
927 2250 992 2307 202.
1011 2250 1075 2308 294.
1088 2254 1160 2312 300.
1270 2247 1275 2260 ’

181 2341 245 2399 453.
272 2346 308 2400 en
325 2343 362 2399 de
384 2345 453 2402 Ver.
478 2345 509 2398 et
534 2343 614 2400 cass.
639 2355 668 2414 p.
688 2334 757 2421 44.)
781 2343 896 2397 secutus
915 2341 1073 2414 Spohnium
1091 2339 1183 2418 (ed'

180 2432 265 2490 Jahn
283 2446 313 2505 p.
332 2431 420 2510 251.)
441 2433 579 2504 temporis
597 2431 727 2486 ordinem
745 2431 850 2486 lamiae
867 2433 898 2486 et
916 2433 1034 2502 quartae
1054 2433 1160 2489 satirae

181 2523 225 2579 ita
251 2521 433 2596 invertisset,
460 2523 494 2575 ut
517 2520 592 2576 hanc
618 2519 670 2574 illa
693 2519 819 2592 priorem
842 2519 964 2576 heberet
982 2522 1012 2576 et
1030 2524 1161 2594 quartam

181 2611 299 2688 quidem
317 2627 371 2688 per
385 2611 523 2667 aestatem
541 2609 610 2666 anni
627 2607 712 2685 llo,
736 2609 853 2666 tardam
865 2609 982 2668 ineunte
1000 2621 1076 2668 anuo
1094 2612 1158 2670 716.

180 2701 318 2776 scriptam
336 2712 401 2760 esse
420 2699 614 2776 existimarat
639 2709 790 2773 perperam
808 2702 1003 2758 consentiente
1022 2701 1160 2762 Passovio
1204 2716 1208 2721 ·

180 2792 213 2851 in
229 2791 280 2853 vit.
298 2795 351 2849 not
369 2791 432 2850 loo.
471 2791 525 2849 cui
539 2787 649 2861 jndicio
667 2793 700 2848 nt
718 2791 760 2848 nil
771 2789 862 2866 plana
881 2795 975 2867 iavet,
992 2791 1036 2849 ita
1053 2792 1159 2870 obstat,

181 2879 260 2958 quod
276 2883 427 2940 Horatium
446 2881 508 2954 jam
531 2883 613 2956 plura
636 2883 832 2958 composuisse
855 2882 1002 2959 oportuit,
1025 2877 1094 2940 cum
1114 2899 1159 2941 sa·

184 2972 314 3042 11111114.
335 2973 487 3050 temneret,
506 2975 581 3030 teste
597 2987 625 3033 v.
644 2975 706 3034 231³

331 3064 403 3122 oum
425 3079 494 3122 usca
516 3079 601 3129 nemo
624 3068 736 3138 pertpla
758 3065 837 3135 legat
862 3064 948 3134 vulgo
977 3064 1098 3134 aeciam
1122 3069 1159 3138 11.
1244 3136 1249 3144 .

412 3169 414 3176 ·
439 3159 442 3165 ’
541 3213 544 3218 ,
571 3155 732 3246 1111111101)
751 3153 825 3212 hauc
843 3169 921 3231 runa
1242 3147 1247 3159 ”

183 3249 258 3305 etv.
281 3245 342 3306 'lla
625 3248 629 3256 “
654 3259 657 3266 ’
1164 3275 1167 3282 ·
1192 3275 1197 3282 ·

327 3329 414 3398 Nulla
431 3336 549 3396 taberna
565 3349 648 3398 rasos
665 3336 771 3396 habeat
788 3351 882 3411 usque
900 3336 961 3411 pila
976 3339 1099 3407 dodico

183 3428 230 3488 Ex
245 3429 404 3488 Wcicherti
427 3445 496 3487 vero
521 3431 684 3503 conjecturo
707 3430 822 3503 praeter
840 3429 990 3502 septimam
1009 3434 1040 3488 et
1057 3446 1156 3488 secun-

116 3515 118 3519 ’
184 3521 249 3578 dam
266 3521 330 3586 libr.
349 3520 372 3580 1.
391 3521 498 3578 nullam
515 3521 628 3578 fecerat.
666 3519 788 3578 Etiamsi
805 3519 893 3591 igitur
910 3521 999 3577 nolim
1015 3535 1155 3598 promere,

65 3624 85 3704 Ι·
184 3611 332 3680 Horatium
355 3609 463 3684 madore
482 3605 548 3682 jure
573 3609 609 3667 de
634 3611 748 3684 scriptis
773 3610 832 3668 suis
857 3609 935 3684 loqui
962 3608 1105 3694 potuisse,
1131 3612 1156 3667 si

184 3704 252 3759 ante
276 3703 303 3761 l.
324 3703 385 3775 iam
408 3701 436 3760 2.
462 3705 493 3760 ct
515 3693 543 3759 3.
567 3693 788 3775 composuit-
817 3717 884 3759 nam
907 3695 1156 3776 persuasissimum

185 3791 256 3850 mihi
280 3794 340 3871 est,
363 3791 504 3876 permulta
526 3792 664 3854 Venusini
681 3793 763 3871 ¹vatis
786 3794 920 3868 poemate
941 3788 1050 3850 Romae
1074 3787 1155 3852 iuno·
