2776 4582
451 263 765 350 ‘⁰5—

171 451 368 514 confidendum
403 465 467 509 esse
500 450 548 508 rel
575 451 700 525 pennice
734 449 930 508 narrationum
959 451 1156 528 discrepantia
1231 493 1235 502 «

170 545 299 604 eliieltur.
344 543 440 611 Quare
465 540 491 598 si
515 541 628 600 Horatii
651 541 741 606 verba
764 541 829 600 sola
857 543 1037 620 respexeris,
1067 545 1151 604 vides

169 635 274 695 Fannii
287 651 388 710 capsas
407 633 426 688 i.
440 649 466 688 e.
485 632 682 708 receptacula,
700 631 800 692 thecas
813 633 875 692 sive
888 633 996 692 forulos
1013 633 1152 694 librorum

170 731 201 784 et
219 727 373 798 imaginem
392 723 487 797 aliquo
507 723 603 780 delata
620 739 685 780 esse
698 722 764 780 diei.
803 725 861 782 Sed
872 725 1153 802 bibliothecaenulla

169 819 203 874 rt
220 818 338 874 mentio.
377 816 473 883 Quare
491 814 619 872 omnium
636 814 756 874 minime
773 815 894 886 cogitari
915 819 1014 896 potest
1039 816 1075 874 de
1099 833 1153 890 pu·

170 908 246 966 blica
263 899 371 982 aliqua,
390 921 444 962 nee
462 903 499 962 d'e
510 905 660 982 Adriane,
679 921 735 964 nee
753 905 789 963 de
800 907 970 967 θοταιιίιιηα
983 902 1076 988 (anno
1088 907 1152 966 727.

11 1001 13 1056 l
122 1063 126 1069 .
170 1000 333 1057 acassam
352 995 483 1071 condita,
502 996 561 1054 Dio
579 995 660 1052 Cass.
672 997 721 1074 ta,
740 998 786 1055 43.
805 997 864 1074 lim,
878 1013 965 1073 quarn
976 997 1154 1058 intellexisse

170 1084 287 1146 videtur
304 1085 472 1161 Kirehnen,
490 1085 541 1159 qui
559 1085 591 1142 in
609 1090 720 1160 quaest.
740 1105 769 1162 p.
790 1089 834 1146 13.
853 1087 882 1170 ᾗ.
899 1089 947 1148 30.
974 1089 1093 1148 satiram
1117 1091 1156 1149 ad

171 1177 299 1235 hiemem
322 1191 349 1234 a.
375 1177 439 1234 722.
465 1173 602 1256 retulit),
625 1193 680 1236 noe
706 1178 742 1236 de
766 1181 914 1239 Palatina
941 1195 1017 1239 anno
1042 1179 1156 1243 demum

161 1285 200 1326 tu.
221 1285 246 1326 c.
265 1267 330 1324 726.
350 1267 470 1325 lundata
486 1261 562 1346 (Dio
581 1267 632 1344 bd,
659 1268 684 1325 1.
705 1269 751 1325 od.
773 1265 898 1349 1,31.).
941 1273 1040 1330 Alium
1063 1275 1157 1334 menni
1213 1313 1215 1322 ι

163 1359 438 1432 circumspiciamus
460 1371 579 1414 neeesse
604 1361 658 1414 est
695 1359 734 1415 Et
757 1358 815 1414 nisi
839 1373 886 1416 me
904 1363 978 1419 fallit
996 1368 1056 1422 tres
1074 1379 1157 1441 prae·

172 1453 253 1506 terea
271 1449 480 1524 explicationes
495 1447 625 1522 prolatae
644 1450 719 1504 sunt
756 1447 883 1507 Primum
899 1466 960 1509 non
978 1451 1076 1512 infirm
1094 1457 1158 1515 loeo

90 1589 97 1598 r
164 1539 306 1626 ponenda
324 1543 369 1597 est
387 1541 530 1600 [lambiat
547 1540 590 1595 ita
609 1538 793 1596 disserentis·
812 1538 860 1618 „Q
874 1540 993 1604 beatum
1004 1544 1159 1652 Fannium,

161 1631 219 1690 'eui
237 1619 360 1706 populm
380 1632 442 1689 sive
461 1632 580 1686 senatus
598 1629 701 1686 uitro
692 1647 712 1686 1
733 1645 759 1687 e
778 1645 839 1689 non
856 1635 968 1708 petenti
988 1637 1159 1715 capsas,in

171 1721 276 1802 quibus
294 1722 358 1793 eJus
375 1721 444 1781 libri
464 1719 656 1780 conderentur
674 1735 708 1778 ao
728 1728 928 1802 servarentur,
945 1727 1158 1805 imaginemque

161 1811 211 1870 ad
228 1813 397 1870 memoriam
415 1812 479 1883 ejus
497 1809 676 1884 prodendam
694 1811 826 1868 detulit'’
868 1815 915 1873 Ex
939 1814 993 1876 hac
1015 1819 1159 1896 interpre-

173 1903 284 1959 tatione
302 1887 415 1960 Fannio
432 1915 539 1972 capsae
558 1898 596 1954 ad
613 1898 781 1972 recipienda
801 1899 864 1974 ejus
889 1905 996 1980 scripta
1015 1909 1072 1966 et
1062 1923 1159 1984 rmago

173 2009 192 2048 a
210 1992 319 2066 populo
335 1989 455 2048 honoris
473 1991 505 2046 et
530 1987 738 2046 aestimationis
757 2007 859 2052 eanssa
881 1993 994 2054 oblatae
1013 2001 1090 2078 suut,
1109 2007 1160 2060 aut

173 2085 344 2164 propterea,
368 2084 403 2138 ut
426 2095 532 2154 capsae
556 2096 615 2137 una
633 2096 698 2137 oum
716 2081 892 2154 maginem
914 2086 1009 2146 iocum
1033 2091 1160 2166 aliquem

163 2173 322 2250 publicum
340 2170 536 2248 deferrentur,
562 2175 612 2228 aut
630 2173 664 2228 nt
681 2171 809 2232 Fannius
834 2175 866 2233 in
890 2178 975 2236 domo
999 2196 1052 2237 saa
1069 2181 1169 2264 libros*

174 2265 321 2338 tenderet.
357 2263 510 2338 apparatos
527 2256 596 2344 (od.
621 2263 707 2322 Jahn.
728 2281 758 2340 p.
778 2263 865 2348 254.)
890 2284 993 2345 capsas
1011 2273 1042 2328 et
1059 2271 1160 2350 irnagi·

173 2373 242 2412 nem
260 2355 299 2412 ad
315 2353 490 2428 bibliopolas
517 2353 621 2410 missas
645 2370 711 2410 esse
735 2358 900 2434 contendit,
923 2361 970 2418 oui
998 2364 1161 2423 sententiae

174 2445 232 2503 boc
249 2443 366 2501 obstare
385 2445 457 2501 dicit
473 2443 630 2500 Weiolreut.
649 2443 728 2514 poet
747 2447 798 2502 rel.
817 2463 846 2520 p.
860 2445 924 2505 297.
936 2453 1015 2530 not,
1033 2451 1111 2526 qnod
1129 2455 1161 2513 in

176 2535 325 2594 Sosiorum
342 2533 471 2589 tabernis
489 2531 631 2600 imagines
656 2533 804 2602 expositas
832 2535 922 2594 inisse
949 2551 1010 2598 non
1039 2547 1160 2604 constet.
1263 2575 1270 2592 .

94 2615 96 2626 ’
165 2626 311 2698 ‘Denique
329 2622 450 2694 insipidi
466 2620 572 2680 Fannii
590 2619 779 2680 admiratores
799 2625 861 2696 eJus
880 2629 988 2703 scripta
1012 2634 1043 2689 et
1060 2631 1161 2708 imagi-

175 2733 245 2774 nem
262 2716 294 2772 in
313 2713 374 2772 suis
392 2715 444 2770 aut
461 2712 494 2770 in
510 2711 632 2785 privatis
651 2711 774 2772 aliorum
790 2714 973 2778 bibliothecis
994 2727 1163 2800 reponenda

178 2807 448 2883 poterantcurare,
471 2819 560 2880 qnam
583 2803 803 2880 explicationem
826 2808 957 2883 pluribus
981 2817 1162 2886 commenda.

177 2897 222 2955 vit
243 2898 448 2971 Wetebertmp
467 2911 491 2953 r.
512 2907 577 2970 pag.
591 2894 654 2952 295.
692 2896 809 2976 anue,
829 2901 984 2962 slomnino
1003 2905 1041 2964 de
1058 2901 1163 2966 biblio·
1269 2959 1272 2967 ,

178 2988 272 3046 thecis
291 2987 489 3063 cogitandum,
508 2986 659 3044 uerissima
682 2986 817 3048 habenda
841 2985 905 3050 erit
943 2991 994 3052 Sin
1019 3002 1163 3072 spreveris

179 3095 255 3152 qnae
274 3077 377 3136 Seholl
395 3081 515 3136 narrant
530 3078 589 3140 et
580 3078 653 3151 ipsis
670 3079 786 3136 Horatii
809 3082 907 3141 verbis
929 3086 1087 3168 institeris,
1112 3108 1165 3151 ne·

179 3185 262 3226 cesso
280 3170 326 3224 est
344 3167 495 3226 confiteare
508 3167 625 3226 dixisse
642 3170 773 3246 poetam,
793 3187 812 3228 a
829 3172 914 3247 plebe
933 3179 963 3234 et
974 3175 1053 3238 vela
1071 3181 1165 3242 doctis

180 3259 361 3335 bominibus,
385 3260 437 3332 qui
460 3259 560 3334 inepta
577 3259 682 3318 Fannii
699 3265 836 3334 poemata
852 3264 968 3339 plurimi
986 3272 1116 3330 iacerem
1134 3278 1165 3332 et

180 3351 407 3426 admirarentur,
433 3351 461 3406 ei
484 3351 675 3408 ioeulamenla
698 3351 828 3425 pretiosa
855 3356 917 3411 et·
908 3359 1064 3431 imaginem
1088 3361 1164 3423 (lona

140 3473 142 3477 .
182 3442 250 3500 data
268 3444 299 3499 et
316 3441 412 3498 delata
430 3454 504 3498 esse.
541 3443 612 3503 Inde
631 3442 784 3521 Horatius,
809 3445 844 3502 ut
860 3447 910 3525 qui
929 3465 982 3508 sua
1000 3451 1108 3527 scripta
1125 3469 1165 3511 ne

170 3534 256 3591 *lecta
280 3533 398 3607 quidem
420 3532 528 3589 nedum
551 3532 668 3590 laudata
691 3537 805 3613 nosset,
825 3537 968 3598 Farmiam
986 3543 1060 3600 salse
1079 3557 1165 3617 prae·

183 3623 291 3681 dicavit
307 3625 432 3682 beatum.
452 3654 491 3668 -
526 3624 606 3680 Haeo
629 3639 699 3680 vero
723 3627 820 3686 omnia
844 3645 901 3703 quo
923 3631 1077 3690 incertiora
1096 3639 1165 3693 sunt
1277 3602 1279 3609 ‚

183 3715 214 3768 et
231 3729 288 3788 quo
307 3717 398 3788 magis
416 3716 548 3773 nituntur
571 3711 759 3794 oonJ'ecturis,
784 3735 819 3776 eo
841 3717 950 3778 ‘certius
970 3711 1094 3799 probant
1111 3742 1166 3784 ne-

182 3817 326 3878 quaquam
343 3807 481 3882 temporis
500 3804 702 3866 adminiculum
725 3809 850 3868 exioeo
873 3822 959 3886 quem
976 3816 1166 3878 mactavimus
